2166 3698
386 77 1711 168 JUVENALISSATIRAIff

45 200 206 253 perditis,
225 211 314 249 quos
334 199 498 237 infelices
516 199 574 243 illi
601 200 703 248 pueri
730 197 840 237 facile
859 199 1021 237 induunt

45 267 93 294 ex
119 267 246 293 eorum
268 251 475 299 consortio,
508 266 550 291 ac
570 255 610 292 in
640 255 800 302 patriam
820 262 1020 302 reportant.

48 310 105 348 De
117 315 309 357 praetexta
331 307 495 346 dicemus
514 307 557 345 ad
580 306 693 348 Persii
714 308 791 346 sat.
815 317 853 356 5.
882 319 917 343 v.
935 318 998 355 30.

100 358 340 411 Artaxata]
367 360 458 397 Vox
471 359 627 414 pluralis
640 361 803 398 numeri.
860 359 958 397 Urbs
972 358 1023 396 est

44 415 225 466 primaria
240 413 390 464 majoris
402 413 601 456 Armeniae
613 414 834 454 adAraxem
849 413 1027 461 fluvium,

1069 210 1200 248 quarn,
1246 197 1309 235 sub
1344 196 1513 246 Nerone,
1546 199 1675 238 Tacit.
1702 197 1788 237 Lib.
1815 199 1959 237 Annal.
1985 213 2049 249 13.
2070 209 2111 254 >j?

1071 253 1185 290 refert
1205 265 1223 289 a
1254 252 1464 290 Corbulone
1487 254 1633 302 captam
1653 265 1694 292 ac
1714 254 1911 304 direptam,
1945 255 2052 301 Rege
2094 268 2097 271 “

1071 306 1244 343 Tiridate
1258 305 1345 342 belli
1369 305 1561 344 fortunam
1572 305 1757 355 nusquam
1774 307 1861 345 auso
1878 309 2051 368 experiri.

1074 359 1193 397 Hodie
1210 369 1366 398 vocatur
1385 355 1494 410 ‘Tcflis
1519 360 1579 398 vel
1601 357 1723 410 ‘Ttflis-

48 622 2055 698 QQQQQQQQQQQ

768 856 1139 916 'SATIRA
1210 852 1310 915 111.

173 1015 390 1070 Uamvis
413 1018 622 1088 digressu
645 1019 823 1070 veteris
848 1016 1077 1069 confusus
1097 1017 1265 1076 amici,
1310 1018 1317 1027 '

226 1089 398 1141 Laudo
442 1103 612 1141 tamen
657 1092 825 1140 vacuis
871 1086 1006 1162 quod
1047 1084 1209 1136 sedem
1261 1084 1406 1153 figere

318 1158 494 1210 Cumis

42 1221 290 1288 Destinet,
310 1245 454 1298 arque
477 1244 632 1279 unum
652 1228 817 1278 civem
836 1225 1021 1277 donare
1041 1223 1251 1291 Sibyllae.

1461 1013 2056 1056 INTERPRETATIO.

1451 1121 1706 1207 Qs'anquam
1757 1119 1926 1159 turbatus
1968 1123 2053 1163 sum

1553 1174 1692 1224 difieff'u
1710 1175 2053 1226 antiquifamilia-

1456 1226 1524 1274 ris,
1566 1228 1794 1266 nihilominus
1827 1228 1934 1281 probo
1963 1231 2060 1282 quod

1454 1281 1654 1318 decreverit
1670 1282 1886 1320 domicilium
1892 1283 2056 1333 statuere

965 1333 1058 1384 apud
1086 1331 1220 1378 Cuma:
1244 1331 1384 1382 inanes,
1414 1330 1460 1372 &³
1487 1333 1642 1388 Sibyllae
1664 1347 1772 1373 unum
1799 1334 1891 1376 dare
1919 1351 2051 1382 civem.

666 1462 1418 1511 ANNOTATJONES.

48 1566 84 1599 ι,
156 1557 321 1595 Uamvis
353 1555 523 1609 digrffc,
563 1556 672 1610 &c.]
735 1558 863 1606 Pingit
894 1555 1026 1603 Poeta,
1077 1555 1240 1603 Eruditi,
1269 1558 1417 1595 nonita
1437 1559 1580 1608 pridem
1602 1570 1729 1599 contra
1745 1560 1907 1610 Sibyllas
1930 1560 2058 1600 moliti

213 1613 455 1651 Umbritium
470 1613 720 1663 Haruspicem
736 1613 902 1650 amicum
923 1611 1029 1648 suum
1076 1608 1147 1646 fint
1169 1623 1180 1658 3
1210 1610 1347 1649 bonam
1376 1611 1624 1651 sane‘causam
1642 1625 1699 1654 tot
1716 1615 1937 1653 saeculorum
1954 1616 2056 1653 testi—

42 1663 129 1703 urbe
168 1668 306 1712 cedere,
345 1675 401 1705 tot
434 1668 528 1705 vitia
567 1666 777 1715 pertaesum,
822 1667 857 1700 &
884 1665 1030 1712 scelera,
1076 1666 1201 1701 monio
1219 1666 1497 1714 comprobatam
1523 1669 1667 1715 egregie
1689 1681 1805 1717 nuper
1820 1671 2058 1718 propugnasse

28 1731 125 1767 oquae
140 1720 275 1758 Romae
295 1715 515 1768 grassantur,
545 1721 581 1756 δε
601 1722 640 1758 in
658 1721 730 1758 dies
752 1720 917 1770 serpunt.

97 1782 136 1808 2·
165 1772 325 1824 Cumis.]
360 1775 456 1810 Haec
476 1775 528 1811 est
545 1774 767 1823 Campaniae
785 1773 1025 1811 urbsmariti-

45 1837 131 1870 ma,
164 1839 240 1864 non
260 1828 384 1877 procul
409 1827 588 1873 Puteolis,
605 1829 755 1878 Sibyllae
775 1838 882 1865 antro
902 1830 938 1862 &
959 1827 1023 1863 Sa·

43 1879 140 1917 cello
157 1880 315 1931 inclyta.
375 1882 458 1917 Hoc
477 1881 510 1918 se
541 1882 665 1924 vidisse
687 1881 844 1920 testatur
860 1879 1025 1933 Justinus

42 1932 198 1981 Martyr
227 1937 338 1972 Orat.
356 1935 538 1973 Paraenet.
559 1935 605 1972 ad
633 1936 806 1980 Graecos,
835 1942 943 1984 atque
961 1936 1025 1971 ad-

43 1988 223 2030 miratum
245 1988 278 2026 se
295 1987 402 2028 fuisse
422 1988 639 2028 maximin
654 1988 850 2027 nafilicam
872 2001 948 2026 uno
969 1987 1024 2025 la-

43 2042 127 2089 pide
147 2040 299 2080 incisam
320 2055 424 2092 opere
455 2040 622 2080 eximio:
651 2044 713 2081 ubi
744 2042 1024 2084 ostendebantur

45 2094 167 2132 adhuc
187 2096 226 2132 in
247 2096 401 2146 Templi
419 2095 542 2134 medio
561 2095 649 2133 vasa
664 2098 733 2135 tria
751 2098 878 2134 eodem
897 2097 939 2133 in
966 2095 1025 2133 la-

44 2149 125 2196 pide
145 2148 273 2196 incisa,
303 2150 435 2200 quibus
456 2163 549 2199 aqua
570 2150 720 2200 repletis
752 2150 1024 2188 lavabatur-Si·

45 2202 166 2251 bylla,
179 2212 396 2254 acceptaque
408 2203 500 2242 stola
513 2205 699 2243 recedebat
709 2206 748 2242 in
762 2204 1026 2248 abditissimam

43 2254 119 2303 ejus
147 2256 305 2307 Templi
336 2267 501 2308 partem,
543 2259 741 2296 oraculum
771 2259 852 2296 illic
872 2258 1026 2296 editura.

45 2308 266 2359 Onuphrius
286 2314 404 2360 postea
425 2312 595 2350 citandus
615 2311 813 2361 subjungit,
825 2312 960 2350 fanum
977 2312 1024 2349 il-

42 2362 107 2404 lud
128 2364 316 2412 perstitisse
349 2367 393 2403 ad
427 2377 573 2404 annum
601 2366 744 2404 Christi
779 2365 1024 2404 millesimum

44 2418 384 2466 quingentesimum
401 2419 632 2467 trigesimum
651 2431 798 2460 nonum
816 2434 824 2457 ε
846 2432 914 2470 quo
925 2430 1024 2458 tem-

44 2482 141 2519 pore¹
163 2471 326 2521 quassata
358 2474 502 2521 ingenti
539 2482 756 2511 terraemotu
799 2474 1023 2523 Campania,

47 2523 212 2563 Puteolis
243 2526 490 2566 minutiffimo
507 2527 655 2576 pulvere
675 2528 868 2576 cinereque
888 2541 907 2563 e
928 2529 1025 2565 mari

44 2576 224 2626 surgenti,
253 2588 376 2619 totum
397 2579 493 2621 illud
512 2589 726 2631 coopertum
750 2581 819 2626 est,
854 2579 1026 2631 collisque

47 2630 132 2669 satis
147 2633 265 2672 editus
280 2644 410 2672 enatus
420 2634 490 2680 est,
504 2634 569 2676 ubi
588 2635 727 2674 celebre
746 2634 865 2674 suerat
874 2635 1026 2684 Sibyllae

47 2686 224 2729 Fanum:
252 2688 289 2723 &
317 2700 406 2725 cum
428 2687 604 2725 Puteolos
639 2686 816 2736 Baiasque
848 2685 1030 2738 profectus

43 2738 173 2786 essem,
193 2741 316 2792 inquit
330 2741 415 2786 ille,
428 2752 525 2779 anno
537 2742 693 2784 Domini
703 2741 1026 2792 millefimoqui'n-

1076 1717 1139 1753 vifi
1164 1717 1245 1756 sunt
1272 1719 1476 1766 complures
1511 1720 1607 1758 haud
1627 1723 1812 1760 inferioris
1832 1721 2057 1769 literaturae,

1071 1770 1329 1822 imprimifique
1347 1773 1490 1816 isaacus
1503 1775 1651 1815 Voffius
1671 1775 1794 1814 libello
1819 1773 1860 1811 de
1876 1774 2054 1824 Sibyllin.

1075 1825 1186 1862 Orac.
1207 1828 1370 1864 oxoniae
1383 1828 1483 1866 edito
1500 1830 1614 1865 Anno
1633 1828 1747 1870 1680.
1783 1831 1882 1877 Ergo
1895 1829 2059 1880 Sibyllae

1074 1878 1249 1924 extitisse,
1278 1893 1320 1917 ac
1353 1883 1576 1919 vaticinatas
1602 1882 1690 1927 effe,
1721 1895 1873 1921 maneat
1893 1894 2054 1930 certum,

1071 1942 1158 1970 cum
1179 1945 1198 1969 e
1219 1934 1379 1983 profanis
1400 1944 1483 1972 tum
1512 1948 1531 1971 e
1553 1935 1662 1973 sacris
1679 1937 1912 1980 auEtoribus:
1944 1938 2059 1975 dum·

1072 1996 1144 2032 que
1160 1986 1214 2025 illi
1236 1987 1380 2025 faciunt
1395 1988 1809 2041 intelligendo‘utnihil
1821 1991 2056 2041 intelligant,

1072 2037 1113 2075 hi
1128 2042 1188 2090 qui
1201 2039 1344 2090 sapiunt
1356 2043 1399 2079 ad
1411 2042 1647 2080 sobrietatem
1655 2054 1745 2081 vere
1757 2043 1876 2093 sapere
1887 2045 2059 2082 censean-

1071 2099 1146 2131 tur.
1164 2095 1252 2133 Pro
1262 2095 1411 2145 Sibyllis
1424 2109 1465 2133 ac
1481 2096 1676 2146 Sibyllinis
1690 2097 1922 2136 carminibus
1942 2097 2058 2145 stant,

1074 2145 1153 2197 (qui
1169 2149 1205 2183 &
1220 2149 1346 2198 quales
1358 2150 1430 2187 viri
1448 2166 1461 2197 3
1496 2150 1597 2187 Deus
1617 2151 1847 2188 immortalis
1863 2150 1888 2199 !)
1919 2152 2058 2201 disper-

1068 2202 1146 2238 titis
1163 2203 1354 2241 ordinibus
1374 2204 1551 2253 dispertiti
1566 2204 1686 2250 ;,hinc
1698 2204 1809 2244 Tull.
1827 2207 1870 2242 de
1888 2205 2059 2247 Divina.

1073 2267 1110 2293 n.
1130 2267 1143 2291 1
1158 2266 1219 2294 10.
1252 2259 1287 2292 &
1310 2257 1379 2307 seq.
1407 2257 1551 2306 Virgil.
1574 2258 1705 2305 Eclog.
1726 2269 1765 2306 4.
1797 2259 1996 2298 Plutarch.
2015 2260 2056 2299 in

1075 2307 1208 2355 Fabw,
1239 2311 1324 2351 init.
1365 2313 1466 2352 Suet.
1488 2310 1524 2347 in
1539 2310 1711 2362 Augusto,
1739 2325 1771 2349 c.
1791 2324 1856 2360 3¹·
1904 2313 2057 2362 Vopisc-

1074 2361 1111 2396 in
1128 2362 1344 2410 Aureliano,
1358 2365 1438 2402 &a
1466 2365 1574 2408 illinc
1591 2375 1719 2404 autem
1734 2364 1872 2418 Justin.
1888 2366 2057 2418 Martyr,

1075 2416 1357 2468 Athenagorae,
1385 2418 1626 2467 Theophilus
1655 2420 1932 2467 Antirchenus,
1963 2423 2059 2459 Cle·

1074 2469 1179 2507 mens
1201 2472 1494 2518 Alexandrinus,
1519 2473 1799 2521 Tertullianus,
1814 2474 2057 2523 Lactantius,
2103 2503 2105 2505 .

1078 2523 1272 2571 Eusebius,
1311 2527 1348 2565 S.
1372 2526 1646 2576 Hieronymus,
1677 2527 1714 2566 S.
1737 2526 1986 2575 Augustinus,
2013 2542 2056 2568 ac

1073 2586 1128 2616 tot
1147 2579 1229 2616 alii.
1286 2579 1563 2619 Verumtamen
1594 2589 1686 2630 quot
1718 2581 1869 2631 Sibyllae
1898 2580 2056 2630 suerint,

1076 2644 1149 2681 quo
1169 2642 1353 2682 tempore,
1378 2646 1450 2683 quo
1470 2633 1577 2680 loco;
1603 2646 1683 2683 quae
1710 2637 1863 2672 nomina
1881 2631 2057 2684 illarum,

1071 2697 1153 2735 quae
1173 2689 1358 2733 carmina,
1387 2700 1463 2724 non
1499 2689 1551 2725 ita
1584 2687 1739 2726 constat.
1797 2688 1925 2726 Dictae
1959 2689 2060 2738 sunt,

1072 2740 1171 2788 quasi
1191 2743 1302 2790 βελῆ
1323 2741 1660 2789 2123,AE01icepro
1680 2742 1769 2783 θεεῐτ
1798 2755 1889 2780 narn
1901 2741 2060 2790 fatidicae

46 2791 254 2842 gentefimo
269 2793 542 2847 quadragesimo
550 2795 700 2842 oostavo,
726 2797 882 2843 regionis
895 2796 1029 2846 peritos
1068 2792 1145 2830 illae
1157 2794 1331 2836 mulieres
1345 2794 1414 2831 Dei
1423 2794 1569 2832 consilia
1580 2795 1800 2839 nuntiarunt
1811 2796 2060 2843 carminibus,

48 2848 215 2884 mercede
238 2850 413 2894 conduxi,
430 2849 502 2897 qui
528 2850 686 2898 Templi
703 2848 849 2896 locum,
890 2853 926 2886 δε
946 2849 1026 2887 for·

48 2911 171 2946 mam,
186 2901 327 2952 aliaque
340 2904 468 2942 omnia
484 2912 741 2949 narraverunt,
759 2915 841 2952 quae
856 2902 1026 2955 Justinus

48 2953 202 3003 Martyr
230 2958 336 2995 annis
366 2965 454 2993 ante
485 2955 595 2994 mille
627 2958 799 2998 trecentis
832 2956 866 2994 se
903 2958 1028 2995 vidiss'e

48 3005 197 3055 scripsit,
222 3009 435 3059 priusquam
449 3022 631 3048 arcanum
650 3011 684 3047 id
703 3022 745 3047 ac
760 3009 949 3061 templum
965 3014 1026 3049 in-.

50 3069 137 3107 gens
157 3063 194 3098 vi
214 3071 450 3102 terraemotus
468 3063 647 3101 obrutum
668 3062 771 3102 ess'et.
795 3064 800 3068 ’
907 3063 913 3066 ’

103 3113 270 3163 Vacuis]
300 3117 377 3156 Vel
402 3119 486 3165 quia
508 3116 655 3155 desertae
676 3117 850 3154 videntur
869 3127 944 3165 prae
962 3131 1025 3166 po-

18 3196 32 3212 .
71 3165 173 3205 ulosa
197 3169 349 3208 Romaz
375 3169 435 3208 vel
459 3171 553 3221 quod
582 3171 660 3208 otio
680 3181 888 3219 magnaque
916 3181 1026 3209 tran-

0 3179 234 3271 duillitate
265 3222 439 3262 fruantur
461 3225 613 3270 Cumae,
643 3236 720 3273 prae
740 3236 876 3272 magno
900 3224 1026 3274 populi

46 3273 201 3313 fremitu
222 3289 265 3321 ac
290 3277 475 3328 tumultu,
501 3279 566 3328 qui
582 3279 634 3315 est
656 3278 807 3315 Romae.

105 3339 143 3376 3.
173 3328 293 3366 Unum
306 3328 461 3382 civem]
490 3330 658 3380 Seipsum
677 3343 825 3380 nempe.

1071 2856 1243 2887 contexto
1256 2849 1442 2885 interdum
1463 2861 1482 2885 e
1498 2849 1628 2897 primis
1648 2847 1816 2898 cujusque
1830 2849 1951 2887 versus
1967 2851 2061 2888 lite·-

1075 2901 1123 2941 τίς
1139 2902 1314 2938 vaticinio
1333 2915 1346 2950 3
1373 2912 1416 2939 ut
1425 2903 1646 2940 attestantur
1664 2901 1798 2943 Cicero
1810 2903 1851 2940 de
1865 2903 1996 2941 Divin.
2014 2914 2055 2942 2.

1072 2967 1110 2992 n.
1127 2966 1143 2990 1
1156 2966 1217 2991 12.
1239 2955 1277 2992 S.
1294 2956 1523 3003 Augustinus
1534 2956 1577 2992 de
1591 2956 1759 2997 Civitate
1778 2956 1869 3003 Dei,
1896 2955 1967 2994 hb.
1991 2958 2055 2996 18.

1071 3020 1149 3058 cap.
1184 3020 1253 3058 23,
1289 3006 1369 3046 &a
1426 3008 1577 3059 Sibyllae
1602 3010 1728 3046 decem
1760 3009 1926 3056 suerunt,
1957 3009 2055 3048 teste

1073 3062 1246 3102 Varrone
1263 3075 1275 3110 3
1304 3062 1449 3101 diversis
1471 3063 1619 3111 quidem
1640 3062 1726 3107 locis
1743 3075 1785 3100 ac
1805 3065 2055 3111 temporibus,

1071 3125 1113 3154 ut
1125 3118 1179 3154 ait
1193 3117 1338 3153 Suidas.
1397 3115 1589 3165 Praecipue
1615 3117 1860 3162 celebrantur,
1891 3117 2054 3166 perfica,

1074 3181 1154 3217 quae
1169 3173 1204 3214 &
1221 3169 1398 3212 Chald-‘ea
1420 3172 1455 3206 Bc
1490 3169 1653 3207 Hebraea
1672 3171 1826 3217 dicitur,
1858 3169 2058 3220 Librosque

1060 3223 1205 3269 -viginti
1221 3233 1398 3272 quatuor,
1427 3233 1470 3267 ut
1485 3224 1614 3269 aiunt,
1634 3222 1782 3271 scripsit,
1804 3224 1843 3259 in
1861 3223 1990 3272 quibus
2011 3227 2056 3263 de

1071 3277 1287 3315 Alexandro
1308 3276 1469 3324 Magno,
1482 3278 1517 3310 &
1534 3278 1578 3312 de
1594 3275 1747 3313 Christo
1761 3277 1853 3313 item
1872 3277 2055 3326 plurima,

1067 3343 1148 3379 quae
1162 3340 1289 3368 tamen
1301 3330 1338 3367 S.
1349 3331 1583 3376 Augustinus
1593 3327 1872 3376 cit-Erythraeae
1882 3329 2055 3378 assignat,¹

104 3379 287 3431 Sibyllae.]
318 3386 472 3422 Fremat
487 3384 576 3424 licet
595 3383 826 3430 Blondellus,
855 3385 1024 3434 quamvis
1068 3382 1126 3420 vel
1140 3385 1345 3421 Cumanae:
1369 3382 1571 3432 Delphica,
1592 3382 1672 3431 quae'
1684 3391 1771 3419 ante
1789 3381 1929 3419 bellum
1948 3385 2054 3420 Tro-

51 3433 88 3483 ἐῢ
117 3435 237 3483 multa
262 3438 370 3480 docte
398 3438 547 3490 quidem
576 3438 854 3490 azimorum,
885 3438 1022 3491 aliique
1049 3436 1202 3488 janum
1236 3437 1396 3480 heroicis
1410 3436 1573 3481 >versibus
1594 3434 1743 3477 oracula
1765 3433 1881 3475 fertur

1908 3435 2054 3474 edidisse

1005 3490 1056 3543 D
1093 3505 1118 3557 3
1898 3488 2054 3553 janua
