2166 3698
107 73 188 130 ὼ
439 63 1090 145 JUVENALIS

106 168 224 212 velet?
233 168 337 219 hori,
360 167 435 223 qua'
451 170 713 209 circumvolvit

97 227 141 283 se
167 228 289 279 algens
315 224 709 276 plaustrumtara'iBo-

106 290 188 319 otae.
243 280 420 318 Attamen
451 278 710 329 quale‘convi-

105 337 210 373 vium
225 335 248 371 ἒ
279 333 431 379 Vinum,
456 332 548 384 quod
558 333 711 383 pinguis

106 388 193 426 lana
227 386 353 439 recuset
385 384 591 425 admittere.

106 440 274 492 epulante
313 452 424 477 cernes
469 439 716 490 Corybantem,

108 496 226 533 Rixae
260 501 439 543 praeeunt.
495 493 557 530 At
583 493 715 544 statim

107 548 324 585 vulneratus
345 545 554 599 &projicis
574 547 716 592 calices,

108 599 158 639 ἔθ’
191 601 332 653 plagas
358 599 529 651 abstergis
569 588 739 637 mantili}

108 777 151 800 no
187 772 386 799 commotum
421 772 515 799 znter
549 775 626 808 vos,

108 827 297 855 catervam
315 814 531 852 libertorum.
575 814 639 853 Ille
660 829 722 853 ve—

108 885 155 911 ro
173 872 307 910 vinum
325 868 420 906 bibit
456 868 609 921 infusum
630 868 775 908 crinitis
796 866 999 920 Conficlibus

1155 65 1577 128 SATIRA
1641 68 1716 130 V.

757 166 1000 217 Sideribus
1023 165 1204 226 dubiis,
1238 181 1319 218 aut
1341 167 1424 218 illo
1447 178 1692 235 tempore,
1724 184 1824 236 quo
1850 166 1897 221 se
1942 181 1962 193 ‘⁷

759 233 944 302 Frigida
967 236 1309 302 circumagunt
1334 239 1453 302 pigri
1475 237 1656 287 sarraca
1679 237 1866 290 Bootae.

760 304 922 371 Qlalis
944 319 1088 354 coena
1111 306 1311 355 tamen?
1341 304 1524 355 Vinum
1550 307 1684 373 quod
1708 306 1902 357 succida
1924 305 2047 358 nolit

647 387 735 424 Ex'
760 373 889 423 Lana
917 373 1039 439 pati:
1071 371 1131 422 de
1155 375 1368 423 conviva
1397 373 1681 439 Corybanta
1709 375 1910 425 videbis.

750 441 915 508 Jurgia
938 440 1226 507 proludunt5
1253 441 1332 491 sed
1363 458 1480 492 mox
1503 445 1557 494 &
1581 444 1756 510 poeula
1779 457 1974 509 torques

757 511 974 570 SauciusJ
999 511 1054 561 ὃς
1078 512 1219 560 rubra
1245 510 1461 577 deterges
1481 514 1679 562 vulnera
1707 528 1913 578 mappa;

761 579 891 629 Inter
913 595 1000 627 vos
1024 581 1227 645 quoties,
1253 580 1641 648 libertorumque
1665 582 1928 631 cohortem

108 664 310 701 cruentato,
335 653 580 714 quotiescumffi
601 663 717 715 certa·
760 647 927 714 Pugna
954 647 1216 712 Saguntina
1242 647 1397 698 fervet
1420 649 1680 699 commiffa
1702 650 1885 717 lagena,

108 723 183 747 men
212 706 365 760 ‘'rdesm
389 708 511 769 P‘ff‘uh
539 708 720 797 sagum&
760 717 860 784 [pse
880 716 1102 784 capillato
1125 716 1354 769 diffusum
1381 714 1577 769 consule
1599 730 1754 785 potat,

2048 388 2149 440 25

732 973 1481 1022 ANNOTATIONES.

169 1074 237 1100 22.
267 1059 466 1100 Sideribus
487 1059 650 1113 dubiis]
680 1064 838 1101 Summo
858 1075 988 1108 mane,
1018 1060 1101 1098 luce
1137 1075 1242 1101 mens
1262 1062 1450 1110 turbatur,
1482 1066 1519 1100 δε
1539 1064 1691 1112 insanit,
1713 1063 1826 1113 fitque
1847 1061 1976 1102 fimilis
1997 1059 2104 1111 Cory-

112 1117 239 1163 dubia,
269 1129 360 1154 cum
382 1116 494 1154 fidera
514 1116 560 1154 ob
580 1119 794 1165 proximam
815 1130 989 1155 auroram
1008 1128 1081 1153 non

114 1169 222 1222 plene
242 1180 418 1220 apparent
439 1179 504 1209 aut
522 1169 683 1217 fulgent.

170 1222 236 1261 Illo
256 1221 440 1273 tempora]
483 1223 607 1262 Noae
627 1223 774 1271 scilicet,
802 1238 888 1263 cum
903 1224 984 1273 jam
1006 1236 1086 1274 per·

114 1276 218 1316 seete
238 1278 428 1316 observare
447 1279 536 1316 licet
555 1278 710 1324 Booten,
738 1279 878 1327 aliaque
898 1277 1010 1325 figna.

171 1342 238 1380 23.
256 1328 451 1383 Frigida]
478 1331 539 1368 Ob
555 1332 784 1370 vicinitatem
808 1332 888 1370 Poli
905 1331 1061 1369 Aretici.

170 1384 323 1435 Pigra]
354 1384 499 1434 virgil.
521 1384 659 1433 Ecloga
679 1385 827 1423 ultima.

115 1461 542 1476 ·······
548 1436 667 1475 Tardi
685 1440 812 1474 venire
831 1435 986 1475 bubulci.

171 1488 372 1541 sarraca]
395 1493 470 1530 Vel
489 1491 666 1529 Setraca.
687 1494 782 1531 Vide
796 1494 872 1531 Sat.
891 1504 925 1542 3.
945 1506 981 1530 v.
1002 1502 1092 1540 255.

119 1547 374 1599 Qintilianus
393 1546 455 1583 lib.
477 1545 516 1582 8.
545 1558 623 1594 cap.
648 1557 681 1595 3.
705 1546 784 1587 V'm
804 1546 904 1583 rebus
925 1546 1095 1596 aliquan·

116 1600 160 1638 do
180 1599 260 1652 ipsa
287 1596 469 1635 verborum
490 1598 681 1635 humilitas
708 1598 836 1650 affin,
869 1601 1008 1650 inquit:
1048 1612 1096 1634 an

118 1667 196 1691 cum
214 1652 306 1689 dicit
328 1652 364 1687 in
386 1651 543 1703 Ptsonem
563 1651 699 1700 Cicero,
728 1667 801 1690 cum
822 1650 893 1690 tibi
916 1663 994 1689 tota
1016 1665 1096 1701 cog-

117 1707 237 1753 natio,
258 1706 296 1743 in
304 1705 456 1756 sarraco
474 1704 699 1753 advehatur,
721 1704 799 1745 &c.
821 1706 976 1757 incidgffi’
992 1706 1096 1742 vide-

117 1754 184 1798 tu'r
212 1760 250 1798 in
266 1756 454 1810 sordidum
485 1772 600 1795 nomen
617 1773 629 1796 .·
656 1772 721 1796 non
751 1770 867 1799 autem
886 1774 924 1797 eo
952 1769 1095 1798 contem-

118 1825 212 1851 otum
232 1812 386 1850 hominis
408 1812 546 1864 auxgffe
560 1814 584 1852 ,P

171 1863 324 1917 Bootae-J
368 1867 473 1905 Sidus
502 1867 554 1904 est
582 1864 689 1904 Ursae
718 1868 851 1917 majori
874 1868 1097 1919 proximum·

119 1922 438 1972 [30037-144,Latine
453 1919 638 1966 bubulcus,
650 1923 734 1970 quia
749 1922 854 1967 stella
870 1922 953 1960 haec
969 1921 1096 1959 bubul-

118 1977 154 2013 ci
171 1988 275 2012 more
294 1975 501 2024 plaustrum
516 1975 724 2024 insequitur.
781 1977 885 2013 Hinc
903 1977 940 2010 δε
960 1975 1095 2011 Ανὲἳο-

116 2027 261 2080 phylax
274 2028 492 2077 appellatur‚
509 2029 605 2077 quasi
622 2027 728 2066 Ursae
746 2031 878 2066 custos.
902 2030 1093 2066 Nimirum

119 2083 256 2133 septem
276 2082 392 2119 stellae
414 2081 497 2121 sunt
513 2084 564 2120 ita
582 2082 776 2130 dispositae,
800 2091 843 2120 ut
861 2087 996 2131 priores
1015 2084 1093 2121 duae

119 2150 220 2187 pares
241 2148 306 2184 pro
326 2135 440 2174 bobus
461 2136 683 2182 habeantur,
712 2135 799 2173 aliae
819 2138 976 2186 quinque
995 2137 1097 2185 plau‘

120 2191 188 2228 stri
207 2197 335 2236 gerant
363 2190 545 2237 speciem=
583 2189 799 2238 proximum
827 2204 913 2228 vero
932 2190 990 2227 his
1023 2191 1093 2237 fig-

121 2256 215 2282 num
235 2242 418 2289 adhaeret,
449 2243 554 2292 quafi
581 2243 731 2289 auriga:
761 2243 798 2277 &
819 2252 1007 2293 propterea
1027 2257 1094 2282 vo-

122 2305 229 2336 catur
250 2297 388 2334 Bootes.
447 2297 541 2334 Vide
564 2296 669 2333 Gell.
692 2295 761 2334 lib.
789 2308 827 2334 2.
847 2311 928 2347 cap.
952 2308 1017 2334 21.

178 2361 244 2398 24.
263 2348 402 2402 Qalis
424 2363 526 2400 coena
549 2347 703 2400 tamem]
735 2353 792 2390 At
812 2351 932 2399 qualis
951 2351 1100 2388 tandem

123 2416 167 2441 ea
190 2404 265 2453 post
286 2403 425 2442 menses
442 2406 529 2442 duos
548 2415 665 2450 coena,
695 2404 731 2438 &
751 2418 865 2454 quam
886 2404 1016 2452 lauta3
1038 2417 1100 2441 cu-

120 2456 181 2508 jus
203 2469 335 2505 nempe
354 2459 472 2505 gratia
492 2465 547 2495 tot
571 2458 606 2491 &
626 2464 705 2495 tam
723 2459 876 2506 indigna
895 2459 1025 2507 pateris
1043 2456 1058 2492 ?

178 2509 303 2550 Vinum
320 2509 429 2561 quod,
459 2507 561 2561 &c.]
611 2511 704 2549 Vile
724 2514 876 2550 omnino
896 2512 1029 2549 vinum
1048 2511 1099 2548 ibi

126 2565 354 2615 propinatur.

178 2614 377 2667 Sucida-J
434 2618 599 2662 Sordida,
627 2618 783 2667 pinguis,
814 2618 978 2656 nondum
1010 2616 1099 2662 lota,

123 2671 257 2708 dicitur
274 2671 374 2718 quafi
389 2670 491 2709 succo
508 2671 624 2709 adhuc
641 2672 766 2708 sudans
781 2684 794 2719 ς
812 2671 873 2708 vel
891 2671 1005 2721 qualis
1021 2671 1100 2707 suc-

123 2722 196 2761 cisa
215 2724 285 2769 est,
316 2722 451 2761 scilicet
469 2725 572 2774 plena
597 2724 765 2762 sordibus.
807 2727 864 2761 At
884 2726 1009 2762 Varro
1029 2723 1099 2761 ali-

124 2776 198 2819 t'er,
221 2776 286 2813 lib.
307 2788 346 2813 2·
366 2778 408 2814 de
430 2779 487 2814 Re
507 2778 614 2816 Rust.
636 2791 715 2828 cap.
737 2778 807 2815 ult.
839 2776 995 2828 Tonficrae.
1013 2787 1100 2813 tem-

123 2839 197 2881 pus
218 2828 310 2866 inter
328 2830 580 2881 aequinofiium
601 2844 755 2868 'vernum
772 2828 818 2867 &3³
826 2830 1029 2883 solstitium,
1044 2832 1103 2869 in-

126 2885 226 2932 quit,
247 2896 323 2919 cum
335 2881 471 2937 sudare
492 2883 692 2934 inceperunt
713 2898 824 2933 oves3
855 2897 878 2921 a
900 2898 964 2936 quo
975 2885 1103 2938 sudore

124 2949 240 2974 recens
259 2936 353 2975 lana
373 2936 471 2987 tonsa
480 2937 631 2988 succida
652 2937 696 2988 est
712 2938 913 2988 appellata.

167 2987 433 3042 Qodsuccida
454 2990 542 3027 nolit
559 2990 647 3028 lana
663 2991 899 3044 pati.]Tam
923 2989 1100 3038 crassum,

123 3054 168 3083 ut
192 3045 274 3081 lana
297 3045 361 3082 vix
385 3044 481 3081 illud
501 3045 670 3083 imbibat.
695 3047 769 3084 Vel
792 3056 873 3084 tam
892 3046 981 3091 vile,
1009 3047 1102 3093 quod

123 3100 191 3135 vix
215 3100 393 3136 idoneum
420 3098 465 3134 ad
491 3099 726 3136 imbuendam
756 3113 799 3137 ac
830 3099 1103 3150 praeparandam

123 3152 268 3198 lanam,
306 3164 376 3201 quo
397 3150 534 3188 melius
554 3153 708 3200 recipiat
727 3152 893 3189 alienum
921 3152 1101 3196 colorem,

124 3216 163 3241 v.
183 3216 218 3250 g.
241 3217 482 3254 purpureum.
542 3205 667 3242 Varro
687 3205 771 3244 loco
792 3219 884 3243 mox
905 3207 968 3242 cit.
1012 3205 1103 3241 Ton-

112 3255 181 3308 sas
221 3267 372 3294 recenter
401 3255 511 3293 eodem
545 3255 604 3293 die
638 3265 842 3308 perungunt
877 3259 982 3306 vino,
1023 3255 1104 3297 &c-

126 3311 380 3360 Adstipulator
399 3312 434 3345 δε
452 3311 695 3348 Dioscorides.

178 3373 202 3400 2
207 3375 240 3421 5.
263 3363 322 3402 De
335 3362 507 3401 Conviva
522 3362 724 3415 Corybanta
735 3362 911 3413 videbis]
954 3364 1010 3403 Eo
1022 3363 1107 3403 vino

1136 1113 1281 1152 bantum
1298 1117 1454 1166 Cybeles
1467 1119 1724 1167 sacerdotum,
1745 1120 1806 1166 qui
1820 1116 1945 1155 furore
1960 1116 2115 1165 correpti

1138 1179 1249 1218 caput
1271 1168 1436 1218 justam,
1464 1172 1617 1218 saltant,
1645 1170 1807 1220 aliosque
1825 1172 1866 1208 in
1893 1168 2052 1209 similem
2073 1183 2115 1208 a-

1138 1234 1232 1271 gunt
1249 1223 1448 1261 insaniam.

1194 1275 1436 1326 Corybanta-'1
1457 1275 1678 1328 Corybantes
1694 1277 1798 1324 dieti,
1813 1276 1872 1315 vel
1887 1277 1932 1315 ab
1947 1292 1988 1316 ea
2002 1292 2116 1328 quam

1142 1331 1280 1376 gestant
1291 1332 1409 1379 galea,
1424 1344 1505 1381 quae
1517 1333 1650 1369 Graece
1661 1329 1852 1381 u'opug,vel
1865 1344 1884 1368 a
1898 1333 2116 1382 κορύσσειν,

1142 1385 1177 1420 id
1199 1386 1249 1422 est
1269 1384 1397 1436 impetu
1400 1385 1517 1436 ferri,
1543 1385 1732 1436 &furere‚
1770 1384 1862 1434 apud
1881 1385 2062 1434 Apollon.
2079 1389 2117 1423 δε

1143 1437 1307 1477 Theocr.
1365 1440 1534 1491 Qidam
1554 1440 1724 1476 derivant
1743 1437 1787 1474 ab
1807 1437 1974 1474 oculorum
1989 1438 2116 1488 pupil-

1138 1490 1199 1538 lis,
1218 1503 1305 1541 quas
1321 1493 1446 1531 Graeci
1457 1493 1574 1542 κόρας
1591 1501 1742 1538 vocant,
1772 1503 1815 1528 eo
1827 1493 1920 1541 quod
1933 1493 1993 1530 illi
2010 1505 2117 1541 aper·

1141 1546 1185 1582 tis
1199 1546 1340 1595 semper
1354 1546 1488 1594 oculis,
1508 1548 1624 1584 etiam
1639 1547 1735 1583 inter
1755 1544 2026 1592 dormiendum,
2046 1545 2117 1598 Jo-

1140 1612 1227 1636 vem
1245 1600 1428 1637 infantem
1448 1600 1701 1638 custodierunt.
1725 1599 1821 1652 Qae
1839 1598 2019 1649 postrema
2043 1599 2117 1638 sen-

1142 1655 1256 1690 tentia
1277 1655 1400 1690 minus
1419 1653 1567 1690 arridet.

1194 1706 1259 1744 26.
1282 1704 1358 1743 Sed
1377 1703 1492 1757 mox.]
1528 1706 1614 1745 Post
1640 1705 1804 1744 convitia
1821 1703 2016 1746 succedunt
2033 1720 2117 1746 ver-

1145 1760 1242 1800 bera.

1197 1811 1334 1850 Pocula
1357 1822 1510 1865 torquem,
1532 1809 1635 1862 ἔξω]
1681 1813 1880 1849 Nimirum
1902 1814 1941 1849 in
1962 1813 2120 1853 famulos

1145 1867 1465 1916 petulantes,quos
1480 1866 1661 1916 percuss'us
1676 1867 1886 1915 repercutis.
1903 1868 2119 1916 Tandemq3

1145 1933 1249 1959 more
1269 1922 1512 1960 Barbarorum
1527 1921 1700 1970 utrinque
1717 1928 1905 1969 pugnatur
1923 1921 2068 1971 scyphis
2083 1923 2122 1959 ixi

1145 1974 1254 2013 usum
1268 1976 1411 2014 laetitiae
1424 1976 1619 2013 dumtaxat
1632 1975 1730 2012 natis
1742 1990 1755 2022 3
1768 1974 1862 2023 quod
1870 1976 2024 2014 damnat
2040 1975 2122 2014 Ho-

1145 2038 1217 2066 rat.
1238 2030 1305 2067 lib.
1333 2039 1366 2065 1.
1390 2030 1464 2065 Od.
1487 2040 1551 2076 27.

1196 2095 1258 2131 27.
1278 2078 1446 2132 Rubra]
1477 2081 1623 2119 Tine‘ta
1643 2079 1816 2130 sanguine
1834 2094 1854 2117 e
1873 2080 1997 2130 plaga.

1198 2137 1262 2174 28.
1283 2136 1383 2173 Inter
1402 2133 1505 2186 vos-J
1553 2133 1721 2173 Affeclas
1754 2137 1790 2170 δε
1811 2134 1966 2173 clientes
1991 2134 2123 2185 parasi-

1143 2198 1212 2228 tos.

1197 2240 1427 2280 Libertorum
1457 2239 1657 2288 cohortem]
1698 2244 1826 2290 Atque
1853 2242 1949 2280 inter
1977 2241 2124 2280 libertos

1144 2297 1286 2334 domini
1306 2297 1366 2334 seu
1387 2296 1538 2333 Patroni
1555 2308 1698 2333 coenarn
1718 2295 1949 2332 exhibentes.
2020 2296 2124 2343 Ergo

1146 2362 1223 2388 non
1248 2363 1336 2388 cum
1362 2349 1439 2399 ipso
1466 2350 1637 2395 domino,
1667 2349 1725 2386 sed
1752 2362 1840 2386 cum
1868 2348 1945 2396 ejus
1972 2347 2124 2387 famulis

1144 2405 1187 2441 ad
1200 2404 1289 2441 viles
1302 2405 1426 2454 epulas
1449 2401 1624 2442 admissus
1644 2402 1821 2440 Trebius.
1851 2402 1980 2454 Qalis
1998 2404 2124 2453 itaque

1148 2470 1248 2495 coena
1265 2456 1280 2491 ,Ρ

1199 2522 1266 2561 29.
1283 2508 1493 2559 Saguntina*
1522 2505 1694 2558 lagena]
1753 2509 1837 2548 Aut
1856 2509 1945 2546 vino
1974 2507 2126 2558 peffimo

1145 2575 1192 2600 ex
1212 2565 1307 2611 agris
1338 2566 1571 2612 Saguntinis:
1616 2563 1734 2600 Vetus
1763 2563 1891 2600 Schol·
1912 2563 1974 2600 vel
2003 2565 2125 2611 potius

1145 2617 1266 2668 fictili,
1289 2629 1337 2655 ex
1354 2619 1421 2655 ista
1444 2616 1640 2664 Hispaniae
1658 2617 1747 2653 urbe
1766 2618 1808 2654 de
1825 2629 1897 2667 quo
1916 2616 2021 2656 Plin.
2050 2615 2120 2653 lib.

1151 2682 1213 2721 35.
1240 2684 1319 2720 cap.
1347 2682 1408 2712 12,
1438 2672 1486 2708 Et
1506 2669 1675 2709 Martial.
1706 2669 1770 2706 lib.
1795 2682 1859 2718 14.
1881 2671 2008 2719 Epigr.
2038 2669 2124 2707 108.

1309 2722 1417 2761 Sume
1433 2722 1633 2773 Saguntino
1645 2722 1774 2772 pocula
1784 2722 1883 2774 fift'a
1903 2724 1990 2761 luto.

1151 2778 1266 2816 Porro
1279 2775 1306 2815 S
1311 2787 1466 2827 aguntus
1479 2777 1653 2827 oppidum
1668 2778 1719 2812 est
1731 2778 1907 2825 inRegno
1920 2775 2128 2822 Valentiae,

1149 2832 1273 2877 hodie,
1295 2830 1511 2870 Morvedre.
1552 2827 1761 2880 Saguntina
1770 2830 1893 2882 fames
1910 2832 1950 2869 in
1970 2830 2127 2867 Prover-

1151 2886 1253 2922 bium
1275 2885 1378 2932 abiit,
1406 2896 1454 2923 ex
1474 2897 1550 2935 quo
1579 2885 1776 2931 Saguntini
1795 2897 1857 2934 per
1873 2883 2129 2924 ostosmenses

1149 2937 1272 2976 obseffi
1291 2947 1461 2977 extrema
1483 2940 1579 2976 ferre
1599 2935 1830 2985 maluerunt,
1857 2950 1969 2988 quam
1988 2936 2022 2975 se
2042 2939 2130 2975 An-

1153 2992 1267 3030 nibali
1285 2993 1423 3030 dedere.
1447 2992 1532 3029 Tit.
1554 2991 1638 3028 Liv.
1659 2989 1724 3027 lib.
1745 3001 1811 3029 21.
1834 3003 1915 3042 cap.
1938 2989 1976 3027 6.
1999 2991 2036 3026 δε
2057 2989 2129 3040 seq.

1206 3057 1268 3094 30.
1292 3044 1369 3096 Ipse
1388 3044 1582 3095 capillato,
1610 3039 1714 3095 ζέω]
1773 3045 1919 3082 Interea
1946 3045 2130 3082 Patronus

1148 3099 1366 3146 generosum
1387 3100 1478 3137 bibit
1493 3112 1534 3135 ac
1550 3097 1689 3135 salubre
1709 3098 1868 3136 vinum:
1888 3104 1993 3135 vetus
2015 3109 2129 3136 nem-

1150 3166 1207 3201 pe,
1234 3153 1270 3185 &
1292 3154 1435 3200 optimo
1456 3151 1529 3189 solo
1549 3158 1783 3199 generatum.

1206 3204 1394 3255 capillato
1425 3202 1602 3255 Consules]
1654 3205 1758 3243 Dum
1773 3205 1940 3243 Romani
1959 3203 2130 3242 Consules

1154 3267 1261 3295 erant
1290 3259 1408 3296 adhuc
1435 3258 1585 3305 intonsi,
1613 3270 1827 3308 comamque
1842 3258 2002 3295 alebant.
2051 3259 2131 3294 Vi-

1149 3311 1192 3348 de
1212 3312 1290 3348 Sat.
1305 3323 1344 3361 4.
1365 3326 1402 3349 v.
1424 3323 1512 3360 103.
1542 3313 1587 3348 ad
1602 3324 1686 3348 eam
1706 3325 1854 3356 vocem,
1882 3309 2063 3350 Barbato.

1203 3362 1421 3416 Dtffcsum.]
1451 3365 1496 3405 In
1519 3363 1627 3405 serias
1645 3378 1687 3404 ac
1704 3364 1788 3405 vasa
1805 3363 1985 3405 infusum.

1964 3466 2132 3521 Calca-
