2166 3698
381 116 1032 199 JUVENALIS
1105 112 1534 176 SATIRA
1603 113 1708 176 III.

1947 136 2019 190 51

26 219 239 291 Qando
267 223 314 284 in
356 223 558 273 consilio
586 222 656 273 est
697 219 981 273 AEdilibus?
1016 223 1211 286 agmine
1253 221 1385 273 faeto
1431 214 1675 268 Qandmm
1700 216 1792 269 ‘¹1²⁶st
1827 218 1866 256 3²¹
1898 217 2032 257 ‘'elib‘'-

25 292 312 342 Debuerant
338 292 457 342 olim
489 307 656 342 tenues
683 290 904 357 migrasse
933 291 1166 355 Qirites.

22 360 74 412 H
95 363 134 411 A
148 360 202 411 U
220 359 270 408 D
287 356 426 410 facile
441 376 711 425 emergunt)
729 376 938 426 quorum
953 360 1213 408 virtutibus
1226 357 1385 408 obstat

600 429 695 479 Sed
725 427 910 478 Romae
935 427 1101 477 durior
1129 430 1216 476 illis
1291 428 1379 491 165

21 497 269 548 Conatus:
307 514 489 564 magno
518 499 778 564 hospitium
806 496 1090 552 miserabile,
1118 512 1298 564 magno

18 567 281 618 Servorum
307 579 517 628 ventreS,
541 571 594 620 &
618 566 744 634 frugi
765 566 960 617 coenula
986 582 1186 632 magne,

21 635 270 685 Fiffilibus
297 652 495 687 coenare
521 636 689 703 pudet,
720 637 853 702 quod
880 651 1021 701 turpe
1048 635 1241 702 negavit

21 427 121 479 Res
148 430 346 495 angusta
368 429 524 478 domi.

1430 272 1638 309 rationibus
1654 271 1847 311 AEdilium
1867 273 1892 310 ,9
1931 275 2030 312 sane

1431 325 1613 374 oportebat
1647 327 1824 364 Romanos
1848 334 2031 377 pauperes

1432 377 1609 427 quondam
1639 377 1795 430 fhcqffiffe
1827 381 2028 418 turmatim.

1432 430 1601 470 Arduum
1622 432 1666 482 est
1690 436 1836 484 quidem
1853 434 2033 485 qfficrgere

1430 498 1506 532 eos,
1542 499 1690 537 quorum
1711 494 1841 536 parva
1861 488 1951 525 bona
1966 489 2031 527 do-

1429 538 1568 588 mestica
1596 541 1795 590 impediunt
1816 541 1993 580 virtutem
2012 553 2029 578 .·

1431 602 1473 628 at
1490 594 1613 631 Romae
1631 594 1726 644 msus
1752 594 1827 631 illis
1848 598 1900 633 est
1926 596 1966 633 di
2008 618 2028 627 -

1427 646 1544 686 cilior.
1596 647 1774 699 Miftrum
1812 647 2029 688 domicilium

18 703 292 754 Transsatus
309 704 467 755 subito
484 707 542 755 ad
562 703 768 763 Marsos,
787 703 1103 770 mensimque
1123 701 1382 762 Sabellam,
1429 712 1514 735 ΜΝ)
1533 703 1674 739 constat
1693 717 1705 752 3
1741 714 1824 737 sam
1857 702 2029 742 abdmffl

19 772 390 839 Contentusque
413 774 507 825 iilic
534 774 730 825 Veneto
753 773 972 841 duroque
995 772 1206 823 cucullo.

1286 787 1307 820 I
1419 752 1627 805 servorum3
1639 754 1895 805 carofivugalis
1910 771 2029 795 caena.

1318 787 1381 836 70
1429 806 1553 844 Pudor
1564 807 1611 856 est
1626 806 1740 846 cibum
1759 818 1882 860 capere
1892 809 1929 847 in
1941 812 2034 851 vafis

18 839 131 892 Pars
152 858 322 908 magna
342 842 490 892 Italiae
509 843 578 894 est·
606 843 656 908 (fi
675 859 850 894 verum
869 842 1192 905 admittimus)
1221 841 1270 889 in
1290 857 1381 906 qua
1427 860 1554 910 testeis,
1583 862 1816 913 quodtame„
1828 863 2030 914 pudendum

1427 913 1618 963 irficiatur
1634 924 1761 966 raptus
1774 918 1912 970 repent?
1928 917 2034 968 apud

20 968 180 1022 Marsos,
200 968 248 1007 ἔθ’
267 970 450 1010 Sabinam
463 970 610 1025 mensam
629 987 641 1024 3
673 983 780 1025 atque
798 971 986 1025 z’llicsatis
1005 970 1139 1010 habuit
1164 970 1370 1009 cuculionem
1391 969 1581 1008 caeruleum
1606 967 1654 1008 &
1671 969 1838 1021 crqffum.
1893 972 1940 1011 ,Si
1959 985 2031 1009 ve-

19 1037 98 1062 rum
109 1024 300 1077 fatemur,
329 1039 462 1078 magna
485 1026 615 1065 Italiae
635 1030 754 1078 portio
779 1029 844 1079 est,

634 1130 1385 1182 ANNO‘TA-TJONES.

75 1221 167 1260 162.
198 1222 359 1276 Qando
372 1225 408 1263 in
429 1225 566 1275 corfilio
585 1224 629 1276 est
645 1223 844 1264 AEdilibus
863 1222 908 1275 .9]
944 1227 1008 1263 An

22 1275 171 1315 AEdiles
201 1279 306 1316 suum
334 1281 371 1316 in
393 1283 592 1319 confilium
611 1283 792 1318 advocant
809 1280 1003 1329 aliquando

21 1341 208 1379 pauperes,
231 1332 341 1371 bonos
366 1336 611 1383 quantumvis
630 1336 665 1369 δε
681 1335 856 1383 sapientes
870 1336 970 1374 viros
989 1332 1004 1368 ?

22 1384 133 1426 Ovid.

171 1437 290 1475 Curia
306 1437 529 1490 pauperibus
562 1439 685 1493 clausa
702 1438 776 1491 est:
804 1438 875 1477 dat
891 1439 1007 1492 census

308 1493 461 1532 honores.
755 1509 758 1511 ’

72 1543 313 1597 Aedilibus]
372 1546 523 1586 AEdiles
557 1550 624 1587 alii
651 1555 757 1586 erant
776 1548 941 1597 Majores
969 1551 1005 1585 δε

23 1601 193 1647 Gurules,
209 1600 274 1637 alii
291 1601 433 1639 Plebeii
449 1603 485 1636 δε
503 1603 687 1640 Minores.
745 1603 830 1640 Duo
859 1603 1005 1651 saepim,

22 1653 83 1691 sex
101 1653 292 1703 aliquando
311 1654 424 1694 fuere.
467 1658 666 1694 Curatores
684 1665 787 1694 erant
801 1655 916 1704 urbis,
935 1670 1004 1693 an·-

22 1718 147 1754 nonae‚
177 1706 367 1755 ludorum,
403 1710 590 1748 sacrarum
625 1712 743 1748 etiam
763 1724 906 1758 rerum,
936 1711 1004 1747 &c.

20 1760 129 1797 'Nero
160 1760 393 1809 ipseAEdz'lis
425 1764 513 1802 fuit.
565 1764 665 1801 Vide
694 1764 946 1801 Plu'tarchum
968 1764 1009 1800 in

21 1812 154 1849 Mario
180 1827 255 1851 non
277 1817 384 1866 longe
401 1831 421 1853 a
443 1818 637 1866 principio.
696 1818 812 1855 Alex.
831 1819 876 1855 ab
893 1817 1009 1855 Alex.

21 1867 84 1905 lib.
97 1876 138 1914 4.
167 1879 201 1904 c.
215 1879 255 1915 4.
278 1871 315 1905 δε
331 1872 434 1908 alios.

79 1920 168 1971 163.
200 1920 413 1959 Debuerant
433 1921 516 1960 olim
535 1933 657 1961 tenues
678 1922 844 1974 mt'grcffi
871 1924 1007 1977 Qirz'-

20 1972 111 2025 tes-J
143 1976 273 2013 Sensus
295 1978 372 2014 est:
401 1977 492 2015 bene
513 1978 673 2025 profecto
694 1979 794 2026 plebs
810 1979 904 2017 olim
925 1981 1008 2017 Ro-

23 2040 135 2066 mana
146 2042 166 2066 a
177 2031 438 2078 potentioribus
451 2031 963 2080 uppressa'inMontemSacru
971 2048 1009 2071 m

21 2080 179 2121 seceffit:
198 2087 233 2117 δε
250 2085 384 2122 melius
397 2084 542 2123 fortasse
554 2085 789 2125 consuluisset
800 2087 905 2125 rebus
922 2089 1006 2133 suis,

23 2135 50 2171 fi
64 2148 251 2186 nunquam
262 2138 421 2177 rediiffet
432 2141 471 2176 in
484 2140 640 2187 gratiam
654 2141 1009 2189 cumMagnatibus,

24 2200 46 2224 a
79 2190 203 2238 quibus
229 2191 283 2228 ita
310 2196 570 2231 contemnitur
601 2195 811 2232 etiamnum
840 2196 876 2229 δε
909 2196 1007 2233 male

24 2239 194 2290 habetur,
220 2244 386 2296 quicquid
417 2247 588 2285 Menenii
607 2249 780 2297 Agrippae
801 2248 1009 2287 austeritas

25 2305 132 2345 atque
151 2297 285 2335 callida
302 2302 419 2339 oratio
443 2301 672 2348 suggereret·
703 2302 798 2339 Vid.
818 2303 904 2342 Tit.
924 2303 1008 2342 Liv.

22 2349 55 2389 l·-
70 2362 105 2387 2.
137 2351 253 2388 Dion.
274 2352 524 2392 Halicarnaff.
546 2354 611 2392 lib.
628 2354 668 2394 6.

83 2404 173 2452 164.
204 2403 322 2441 Haud
337 2405 462 2456 facile
491 2417 685 2457 emergunt,
714 2409 802 2456 &c.]
853 2410 1010 2448 Aristot.

28 2456 124 2496 Eth.
149 2469 182 2494 1.
207 2458 310 2497 favet
329 2459 419 2497 huic
436 2461 641 2508 sententiae,
664 2463 727 2499 ubi
747 2466 799 2500 ait
812 2475 898 2501 eum
915 2476 1009 2513 prae-

24 2511 122 2550 clara
151 2514 187 2548 δε
221 2525 356 2560 magna
387 2516 452 2552 vix
480 2514 577 2565 poffe
603 2517 733 2565 exequi
760 2516 796 2552 &
825 2519 1011 2565 praestare,

26 2566 88 2604 cui
107 2565 300 2603 facultates
326 2567 481 2607 desunt:
521 2571 696 2617 quoniam
727 2582 789 2618 per
807 2572 948 2608 amicos
978 2575 1013 2607 Se

25 2618 179 2656 civilem
207 2621 412 2669 potentiam
435 2622 550 2661 veluti
577 2637 641 2674 per
669 2625 921 2662 Instrumenta
946 2638 1013 2662 ne-

27 2671 118 2710 cefl'e
138 2673 190 2709 est
212 2673 378 2723 pleraque
397 2676 509 2713 effici.

85 2725 174 2774 165.
192 2725 267 2762 Sed
282 2727 336 2763 Ro
349 2749 356 2761 1
371 2740 394 2763 a
411 2727 550 2776 durior,
577 2726 676 2777 &ch
698 2730 844 2778 Magna
868 2733 1015 2781 quidem

28 2778 164 2827 ubique
183 2780 235 2817 est
256 2782 476 2830 pauperibus
498 2785 707 2830 emergendi
726 2785 952 2834 difficultas3
981 2795 1019 2824 at

34 2831 172 2870 Romae
192 2833 411 2884 praesertim,
440 2837 505 2875 ubi
526 2839 655 2874 omnia
678 2850 762 2876 caro
782 2838 960 2877 constant.

54 2927 59 2930 ¹
90 2886 180 2923 166.
193 2887 337 2936 Magno
351 2887 555 2940 hzffitium,
571 2888 670 2938 &eq
693 2892 782 2928 Non
798 2893 866 2930 nifi
882 2904 1019 2939 magno

32 2940 151 2987 pretio
167 2943 380 2980 conducitur
400 2946 521 2982 tenuis
538 2946 671 2981 domus
688 2957 699 2992 3
729 2958 864 2993 magno
883 2948 1019 2995 pariter

31 2992 180 3030 aluntur
203 2993 308 3040 servi,
337 2997 373 3032 &-
393 2997 519 3035 mensa
543 2998 737 3035 instruitur
756 2999 856 3037 cibis.

92 3047 181 3097 169.
230 3047 441 3099 ‘Translatus
467 3049 586 3103 subitb
618 3050 671 3088 ad
701 3050 864 3100 Marsos,
910 3049 1015 3104 ἔθα]

35 3098 142 3152 Qod
159 3104 228 3147 ait,
247 3100 382 3152 subito,
410 3107 555 3143 videtur
603 3106 752 3143 innuere
773 3107 835 3143 M.
858 3106 1018 3145 Curium

20 3153 270 3193 Dentatum:
300 3157 342 3194 de
360 3170 432 3206 quo
449 3162 534 3196 vide
557 3160 634 3197 Sat.
669 3171 707 3196 2.
729 3173 805 3197 ver·
839 3171 874 3208 3.
898 3160 1021 3208 placet

35 3207 120 3244 aliis
138 3209 253 3247 Publ.
277 3209 429 3247 cornel.
451 3213 659 3261 Scipionem
675 3212 739 3249 hic
756 3212 934 3259 intelligi.
963 3218 1018 3251 A—

35 3257 92 3298 liis
112 3274 178 3309 ego
205 3261 288 3300 satis
307 3262 478 3303 assentior
496 3268 556 3315 qui
587 3266 776 3313 accipiunt
803 3266 1022 3314 generaliter

40 3314 240 3365 quemlibet
257 3316 520 3356 Romanorum
535 3319 623 3356 urbe
638 3321 883 3366 recedentem,
904 3321 948 3357 ad
965 3332 1023 3358 eos

40 3367 204 3418 populos,
224 3371 286 3420 qui
304 3369 441 3420 frugali
457 3379 617 3413 utuntur
638 3373 779 3421 mensa,
807 3373 930 3425 quales
951 3374 1021 3412 Sa·

986 3475 1099 3528 ΕΖ

1047 1225 1136 1270 bini,
1159 1225 1358 1269 Samnites,
1387 1224 1458 1260 &c-

1102 1276 1281 1328 Maffom]
1304 1279 1361 1314 Hi
1377 1277 1526 1317 fuerunt
1547 1277 1667 1315 Italiae
1683 1275 1820 1328 populi,
1841 1274 1903 1314 sub
1919 1276 2035 1315 Sam·

1049 1331 1202 1375 nitibus,
1236 1331 1299 1368 ubi
1314 1344 1412 1369 nunc
1427 1345 1509 1381 pars
1532 1334 1681 1382 Aprutii
1698 1332 1894 1377 ulterioris,
1925 1331 2034 1379 juxta

1049 1384 1176 1422 lacum
1197 1386 1401 1429 Fucinum,
1434 1388 1474 1424 in
1495 1399 1606 1434 regno
1636 1386 1897 1435 Neapolitano,
1927 1386 1963 1420 δε
1992 1386 2036 1422 in

1053 1438 1185 1476 finibus
1204 1440 1349 1476 ditionis
1370 1438 1588 1477 Pontificiae.
1609 1439 1802 1477 Hae‘tenus
1823 1438 2036 1486 regiuncula

1051 1505 1187 1529 nomen
1209 1493 1360 1539 retinet,
1388 1493 1516 1541 vulgo,
1547 1494 1694 1530 Ducam
1711 1491 1753 1528 de
1772 1490 1915 1539 Marsi.
1944 1491 2038 1530 Illos

1052 1559 1072 1582 a
1104 1544 1233 1596 Marso
1255 1547 1380 1584 Circes
1399 1546 1479 1585 filio
1509 1549 1764 1586 denominatos
1784 1547 1923 1595 pridem
1942 1546 1979 1580 ἅτ
1996 1547 2038 1584 in

1050 1600 1232 1637 veneficiis
1264 1601 1408 1638 edouos
1437 1601 1549 1639 refert
1575 1601 1736 1640 solinus.
1793 1601 1916 1651 Qam
1946 1612 2038 1636 vero

1053 1653 1210 1691 bellicosi
1244 1655 1444 1701 Samnites,
1478 1657 1515 1690 ὅσ
1543 1668 1654 1703 quam
1684 1656 1742 1692 diu
1776 1655 2038 1692 Romanorum

1050 1720 1154 1744 arma
1174 1710 1419 1754 exercuerint,
1439 1709 1538 1746 testis
1559 1709 1687 1746 Livius
1706 1709 1771 1746 lib.
1791 1721 1828 1757 7.
1851 1710 1886 1743 δε
1910 1708 1982 1757 seq.

1103 1758 1325 1812 Sabellam]
1359 1762 1415 1798 De
1434 1762 1567 1799 Sabina
1589 1769 1688 1800 terra
1706 1761 1786 1814 jam
1805 1762 1945 1799 diuum
1966 1773 2038 1798 an-

1054 1822 1112 1850 tea
1136 1827 1209 1851 ver.
1229 1815 1293 1862 85.
1325 1814 1381 1852 De
1403 1815 1626 1854 Sabinorum
1645 1829 1733 1859 eum
1753 1816 1938 1853 Romanis
1957 1814 2041 1852 bel-

1052 1866 1103 1915 10,
1127 1869 1163 1902 δε
1178 1868 1300 1916 postea
1316 1866 1445 1906 foedere
1461 1870 1542 1906 Tit·
1566 1870 1652 1907 Liv.
1670 1871 1734 1906 lib.
1757 1880 1790 1906 1.
1812 1869 1848 1903 ἅτ
1863 1867 2038 1906 Macrob-

1054 1921 1124 1958 lib.
1158 1933 1191 1957 1.
1215 1934 1293 1968 cap.
1327 1933 1363 1972 9.
1402 1923 1446 1959 ab
1468 1922 1526 1960 his
1545 1925 1616 1962 orti
1636 1923 1789 1968 Sabelli,
1821 1924 1856 1957 δε
1890 1935 1953 1970 pro
1970 1921 2044 1960 illis

1052 1975 1246 2025 aliquando
1267 1974 1462 2014 sumuntur
1483 1989 1492 2012 :
1527 1974 1625 2016 inter
1645 1979 1826 2016 Samnites
1846 1989 1933 2015 vero
1952 1988 2041 2013 cen-

1057 2028 1178 2066 sentur
1199 2029 1324 2067 Plinio
1343 2029 1407 2066 lib.
1440 2042 1476 2079 3.
1499 2042 1577 2078 cap.
1603 2043 1664 2068 12.

1111 2094 1199 2131 170.
1223 2082 1351 2119 Veneto
1372 2082 1526 2133 duroque
1546 2082 1716 2135 cucullo-J
1763 2082 1907 2122 Villosa
1927 2082 2044 2130 veste,

1053 2149 1072 2173 e
1103 2137 1271 2174 craffiore
1299 2138 1402 2184 lana,
1432 2140 1475 2175 ad
1503 2141 1701 2177 arcendum
1728 2136 1858 2185 frigus,
1887 2137 2046 2187 pluvias,

1056 2190 1202 2238 aliaque
1231 2189 1323 2228 a'e'ris
1344 2193 1598 2241 incommoda,
1632 2206 1700 2243 qua
1719 2192 1915 2230 utebantur
1946 2204 2046 2229 nau-

1058 2252 1106 2280 tae
1124 2246 1308 2294 imprimis
1325 2246 1361 2280 ἅτ
1382 2246 1538 2283 milites,
1906 2287 1907 2290 ,

1110 2295 1274 2349 Veneta]
1318 2299 1459 2337 Coloris
1479 2299 1641 2345 caerulei‚
1670 2312 1740 2349 quo
1759 2297 1910 2336 viliores
1934 2298 2047 2347 panni

1056 2351 1309 2399 tingebantur.
1367 2351 1426 2390 Eo
1448 2354 1613 2401 primum
1633 2354 1686 2390 usi
1707 2352 1837 2389 Veneti
1852 2351 2049 2401 piscatores

1056 2405 1243 2445 dicuntur.
1299 2405 1452 2442 Venetus
1470 2407 1584 2454 color,
1613 2407 1801 2456 inquiunt,
1821 2408 1974 2444 marinis
1993 2407 2050 2443 est

1058 2460 1230 2497 fluetibus
1249 2460 1390 2498 fimilis.
1438 2461 1611 2499 Martial.
1638 2459 1704 2498 lib.
1731 2471 1793 2510 14.
1819 2460 1923 2509 Epig.
1956 2470 2049 2508 131·

1110 2511 1154 2549 Si
1172 2512 1293 2554 Veneto
1302 2514 1520 2564 prafinoque
1525 2513 1667 2564 faves,
1688 2513 1752 2564 qui
1765 2513 1903 2550 coccina
1911 2512 2045 2564 sumis·

1112 2567 1288 2615 Cucullo.]
1307 2567 1336 2604 C
1338 2566 1476 2606 ucullus
1496 2569 1532 2603 δε
1552 2567 1683 2606 cuculio
1702 2568 1964 2607 velamentum
1984 2579 2051 2606 ca·-

1057 2621 1138 2671 pitis
1160 2622 1226 2658 est.

1114 2685 1202 2723 171.
1232 2676 1334 2713 Pars
1360 2687 1493 2725 magna
1516 2670 1680 2724 Italiae.]
1739 2673 1831 2715 Non
1851 2680 1978 2712 tamen
2007 2674 2050 2716 in

1058 2728 1221 2766 universa
1238 2730 1348 2767 Italia
1365 2740 1494 2778 regnat
1508 2731 1619 2768 luxus
1633 2727 1809 2775 vestium,
1830 2737 1872 2766 ut
1888 2729 2041 2765 Romae..

1117 2793 1206 2832 172.
1221 2783 1336 2819 Nemo
1357 2793 1477 2833 togam
1487 2781 1601 2835 sumit
1624 2781 1694 2830 nzfi
1713 2778 1903 2832 mortuus.]
1937 2782 2055 2831 Ruri,

1059 2845 1123 2875 aut
1144 2838 1184 2873 in
1215 2838 1428 2885 municipiis
1450 2846 1599 2885 agentes
1620 2837 1784 2874 tunicam
1802 2836 1915 2883 vulgo
1943 2835 2052 2873 indu·

1063 2898 1133 2928 unt
1160 2902 1243 2928 raro
1264 2899 1407 2937 togam.
1446 2890 1549 2928 Plin.
1580 2890 1649 2927 lib.
1681 2902 1720 2939 7.
1750 2889 1869 2938 Epist.
1902 2900 1937 2938 3.
1965 2901 2053 2939 quo-

1062 2945 1165 2997 usque
1184 2951 1267 2994 toga
1275 2943 1428 2992 feriata
1442 2944 1466 2980 .9
1494 2941 1608 2981 Liber
1627 2951 1714 2979 totos
1733 2941 1808 2979 dzes
1823 2943 1846 2979 ,P
1876 2943 2052 2981 Martial-

1061 3000 1120 3036 lib.
1147 3009 1209 3035 10·
1241 2999 1366 3047 Epigr.
1391 3008 1460 3046 47.
1487 3000 1582 3037 inter
1617 2999 1707 3036 vitae
1728 2997 1899 3035 beatioris
1928 2995 2055 3033 causas

1067 3055 1102 3088 δε
1122 3053 1369 3090 instrumenta
1391 3060 1518 3100 togam
1538 3064 1661 3089 raram
1682 3059 1866 3089 numerat.
1932 3050 1983 3086 Et
2005 3049 2056 3086 E-

1062 3107 1218 3156 pigram.
1238 3116 1280 3154 51
1292 3128 1302 3139 ·
1320 3103 1476 3154 ejusdem
1491 3105 1576 3143 libri
1592 3104 1809 3143 exclamatz
1833 3103 1861 3138 Ο
1880 3101 2055 3138 tunicata

1062 3158 1187 3209 quies!
1213 3160 1254 3195 Id
1283 3159 1350 3204 est,
1378 3171 1491 3207 quam
1520 3159 1633 3205 beati,
1667 3160 1731 3207 qui
1759 3155 1882 3205 procul
1910 3156 2056 3194 ambitu

1062 3216 1098 3249 &
1129 3212 1282 3250 servitiis
1316 3220 1528 3259 togatorum
1559 3214 1709 3259 vivunt,
1738 3211 1850 3261 quieti
1877 3222 1974 3257 rure,
2015 3210 2054 3245 ἅτ

1064 3265 1245 3304 tunicati!
1294 3265 1441 3308 Tunica
1471 3267 1576 3309 enim
1608 3266 1718 3306 vestis
1752 3264 1911 3312 brevior,
1950 3263 2054 3314 operi

1063 3321 1182 3370 magis
1205 3319 1347 3359 idonea.

1876 3472 2056 3543 Nemo.
2108 3539 2114 3545 ,
