2166 3698
134 72 243 132 132

493 52 1123 132 JUVENALIS
1189 51 1610 126 sATiRA
1677 61 1780 129 Vt-

126 156 272 196 Μένων
287 169 414 209 {71²0un
442 155 505 209 ΨΟ
523 169 657 219 cavere
682 172 732 221 ¹¹3³
773 160 899 214 Illius
925 164 1156 216 occursus
1185 168 1332 218 etiam
1357 169 1510 221 vitare
1536 182 1813 230 mementO,
1883 214 1887 216 .

126 211 275 261 incidas
289 225 326 248 tn
341 223 434 258 eam,
446 212 483 248 in
497 224 597 261 cujus
611 227 733 251 manz-

127 264 198 301 bus
210 263 451 315 ephemeridas
465 263 596 316 aspicis
615 265 733 305 detri-

770 230 826 282 In
849 234 987 297 cujus
1009 235 1232 286 manibus
1254 251 1349 288 ceu
1372 239 1564 304 pinguia
1587 237 1783 288 succina
1808 239 1940 290 tritas

126 322 190 355 aas
213 318 318 355 velut
337 317 622 369 unaasuccina,
650 335 732 372 quae
769 298 944 351 Cernis
969 300 1321 369 ephemeridaS,
1355 322 1465 372 quae
1488 305 1675 357 nullum
1702 305 1927 371 consulit,
1959 307 2127 373 &jam

123 370 296 408 neminem
327 372 542 422 interrogat,
575 371 729 434 jamque
770 368 1077 420 Consulitur:
1121 388 1232 438 quae
1265 372 1418 424 castra
1452 375 1562 425 viro
1593 376 1894 442 patriamque
1925 389 2126 442 petente,

124 425 402 474 interrogatur.-
426 437 507 477 quce
526 437 656 466 marito
680 428 733 466 ad

123 476 300 516 militiam
328 479 377 518 ὃν
403 478 572 529 patriam
612 491 726 530 eunte,

125 545 195 569 non
219 539 347 583 perget
367 532 490 582 stmul
522 533 724 571 retardata

114 585 447 638 »supputationibus

125 637 288 692 Qando
305 638 453 677 libuerit
465 637 569 689 ferri
582 640 634 677 ad
640 641 728 691 pri-

124 706 220 731 mum
241 692 416 744 lapidem,
461 692 550 729 hora
570 709 587 732 e
617 693 727 732 codice

127 746 321 797 accipitur.
384 744 430 784 Si
449 747 577 797 prurit
608 760 725 800 angu-

125 801 182 839 tus
214 800 305 838 oculi
329 800 508 854 scalptus,
536 800 631 851 petit
651 802 725 839 col-

770 436 893 488 Non
919 439 1009 489 ibit
1036 441 1232 505 pariter,
1267 445 1481 493 numeris
1507 457 1738 494 revocata
1760 443 1998 494 Thrafilli.
2041 461 2126 512 575

773 505 846 556 Ad
869 508 1090 573 primum
1121 508 1337 576 lapidem
1369 511 1554 563 veetari
1577 527 1696 561 cum
1721 512 1897 578 placet,
1919 512 2040 564 hora
2112 562 2113 565 ,

529 585 722 636 Thrastlii.
769 574 989 626 Sumitur
1013 592 1072 628 ex
1095 575 1251 628 libro:
1290 578 1323 628 fi
1349 582 1500 646 prurit
1523 579 1693 631 frictus
1713 579 1860 631 ocelli

771 641 1000 710 Anguliw,
1028 644 1238 711 inspeeta
1259 647 1417 714 genefi
1441 648 1634 715 collyria
1658 647 1832 715 poscit.

768 710 920 778 AEgra
949 714 1066 765 licet
1083 715 1262 778 jaceat,
1282 717 1521 780 capiendo
1543 717 1671 767 nulla
1688 716 1882 769 videtur

769 779 940 846 Aptior
963 782 1083 833 hora
1108 785 1246 842 cibO,
1271 784 1358 834 nisi
1380 802 1530 852 quam
1556 785 1743 837 dederit
1768 784 2013 838 Petosiris.
2039 783 2127 851 58c

125 853 225 915 tyria
239 856 316 906 post
330 852 591 903 confideratam
622 856 725 893 nati-
764 848 812 898 Si
832 850 1096 902 mediocris
1119 855 1229 913 erit,
1254 854 1465 919 spatium
1490 853 1714 906 lustrabit
1735 869 2001 922 utrumque

125 918 300 946 vitatem.
358 906 554 959 Qamvis
585 907 729 946 decum-
767 916 1040 978 Memrum,

125 960 195 1000 bat
209 971 365 1012 aegrota,
377 961 465 999 hora
479 961 579 998 nulla
581 960 727 1011 sumen-

126 1013 191 1063 dis
200 1015 379 1052 alimentis
391 1014 508 1065 magis
518 1013 642 1051 idonea
651 1023 724 1066 pu-

124 1067 285 1119 tabitur,
297 1081 403 1118 quam
419 1082 503 1119 quae
512 1075 587 1119 pra
584 1069 725 1120 scripta

1071 923 1127 973 &
1148 921 1295 972 sortes
1317 921 1495 986 ducet,
1537 922 1807 991 frontemq3
1836 937 2127 989 manumque

764 986 1011 1040 Praebebit
1037 991 1135 1040 vati
1162 992 1394 1042 crebrum
1427 991 1705 1059 Poppysma
1729 993 1932 1060 roganti.

115 1120 242 1172 fuerit
258 1134 283 1157 a
301 1116 472 1171 Petostri.
528 1121 575 1159 Si
606 1122 983 1175 paupercula-fuerit,
1010 1122 1173 1164 decurret
1193 1125 1294 1165 ambo
1322 1125 1525 1166 intervalla
1552 1125 1793 1177 terminorum,
1813 1137 1858 1165 ac
1870 1125 1986 1179 sortes
2012 1136 2128 1166 extra·

123 1175 191 1215 het
206 1190 221 1226 3
250 1172 481 1228 &frequens
499 1174 777 1217 blandimentum
803 1177 910 1217 dabit
937 1178 1049 1217 ariolo
1064 1180 1224 1232 frontem
1256 1192 1301 1218 ac
1329 1190 1475 1220 manum
1495 1181 1694 1234 scrutanti.

757 1285 1494 1336 ANNOTA‘TIONES.

131 1366 134 1367 ⁷
182 1384 273 1426 ςγῐ.
288 1372 392 1414 Illius
406 1371 575 1428 occurfics,
595 1375 693 1429 ‹Sec-J
722 1378 778 1416 At
792 1379 977 1427 imprimis
990 1380 1109 1418 devita

1213 1377 1303 1426 578.
1335 1377 1497 1431 Inspec‘ia
1506 1377 1655 1430 geneal]
1682 1374 1882 1426 Genitura,
1904 1372 1996 1417 hora
2007 1375 2125 1417 natali

121 1426 218 1468 illas
236 1429 413 1468 mulieres
428 1444 507 1480 quae
528 1430 782 1480 Astrologiam
796 1433 881 1483 ipsae
898 1433 1052 1480 callent,
1075 1435 1110 1468 δε
1156 1429 1368 1482 horoscopo.

121 1481 252 1521 futura
269 1483 354 1521 inde
370 1485 566 1523 rimantur.

1209 1482 1409 1537 collyria]
1448 1485 1656 1525 Oculorum
1682 1484 1947 1524 medicamina.
2002 1485 2132 1524 Horae·

183 1546 276 1585 572.
294 1536 363 1574 cea
375 1535 534 1587 pinguia
545 1532 737 1590 succina]
784 1540 890 1578 Tam
913 1539 1006 1588 saepe
1025 1552 1111 1577 con·
1157 1536 1226 1577 lib·
1252 1549 1287 1576 1.
1307 1540 1383 1578 Sat.
1408 1550 1444 1589 5.

126 1588 306 1627 trectatas
323 1588 370 1628 ab
386 1589 474 1639 ipsa,
501 1603 616 1640 quam
635 1592 697 1630 sua
712 1604 759 1630 ex
775 1593 913 1631 eledtro
932 1593 1087 1632 monilia
1102 1606 1114 1641 3

121 1642 207 1690 vel,
234 1651 317 1682 tam
335 1643 380 1681 ab
398 1656 440 1681 ea
459 1644 568 1683 tritas
585 1658 696 1695 quam
717 1645 927 1693 succinum,
957 1648 1050 1696 quod
1068 1658 1115 1685 ex

123 1696 264 1735 affidua
291 1709 478 1735 manuum
505 1699 800 1738 contrectatione
829 1702 867 1736 δι·
895 1702 1020 1740 sudore
1046 1713 1114 1738 un·

124 1749 234 1790 &um
257 1750 294 1784 &
316 1751 452 1800 pingue
469 1753 618 1789 omnina
644 1753 708 1791 est.
780 1779 783 1780 γ

180 1802 371 1850 Succina.]
386 1804 586 1843 Electrum
599 1807 723 1846 Graeci
731 1813 879 1854 vocant,
894 1807 996 1847 Plin.
1007 1805 1034 1844 l·
1052 1817 1114 1856 37·

122 1868 207 1906 cap.
230 1869 268 1907 3.
337 1855 537 1908 Nascitur,
575 1860 713 1908 inquit,
757 1858 931 1912 defluente
963 1858 1115 1899 medulla

122 1908 230 1961 pinei
238 1909 381 1961 generis
390 1909 575 1949 arboribus
587 1922 627 1950 ut
636 1913 773 1964 gummi
786 1915 825 1950 in
834 1927 914 1952 cera
908 1915 948 1964 fi
951 1929 982 1964 s,
997 1912 1116 1962 resina

122 1963 245 2013 pineis
254 1963 409 2015 erumpit
417 1964 571 2003 humoris
580 1963 994 2021 abundantia,densatur
1003 1967 1118 2017 rigore

124 2015 194 2053 vel
218 2024 330 2068 tepore
359 2018 560 2056 autumnali
659 2019 662 2022 ’
714 2020 961 2060 -—·arb0ris
978 2020 1118 2073 succum

123 2068 243 2122 prisci
279 2070 476 2118 credidere,
523 2071 564 2109 ob
600 2072 643 2110 id
666 2073 844 2126 succinum
882 2076 1118 2126 appellantes,

123 2126 201 2163 ἃς.
211 2134 250 2163 at
259 2125 316 2164 bis
331 2135 428 2165 errat
443 2126 590 2165 Plinius
603 2129 642 2165 in
657 2128 746 2166 istis.
789 2128 873 2167 Nec
886 2131 987 2169 enim
997 2140 1044 2168 ex
1056 2141 1118 2165 ar-

121 2179 296 2224 boribus,
325 2180 385 2218 sed
410 2193 431 2218 e
459 2180 551 2218 saxis
568 2190 722 2219 emanat
753 2179 938 2221 succinum
955 2198 965 2222 :
995 2184 1118 2222 deinde

1211 1591 1284 1629 Hic
1303 1591 1410 1630 oculis
1425 1604 1485 1644 ego
1506 1591 1615 1642 nigra
1634 1589 1719 1629 meis
1736 1589 1884 1643 collyria
1902 1589 2022 1642 lippus

1215 1645 1378 1684 Illinere·

1215 1699 1306 1748 580.
1325 1697 1525 1748 Petostris.]
1567 1698 1789 1748 Astrologus
1805 1697 2020 1750 AEgyptius,
2044 1697 2143 1749 cuju.

1161 1754 1364 1792 meminere
1379 1755 1523 1800 Suidas,
1549 1754 1586 1788 &
1607 1752 1708 1791 Plin.
1730 1753 1794 1791 lib.
1815 1766 1852 1802 7.
1874 1766 1909 1792 c.
1929 1763 1998 1804 49.

1216 1806 1262 1856 58
1273 1818 1306 1846 1.
1318 1806 1365 1845 Si
1379 1805 1568 1844 mediocris
1580 1805 1668 1854 erit,
1684 1806 1785 1853 &cd
1803 1806 2000 1846 Mediocris
2014 1806 2130 1847 mulie:

1161 1862 1358 1899 mediocres
1373 1861 1511 1898 ariolos
1529 1860 1694 1898 consulet
1707 1860 1887 1899 mediocri
1906 1861 2037 1910 pretio.

1214 1913 1385 1964 Spatium
1403 1911 1571 1965 lustrabit
1588 1911 1812 1965 utrumque.]
1845 1916 1996 1956 Circum
2013 1926 2143 1964 nempr

1162 1968 1290 2015 adibit,
1321 1968 1359 2006 in
1389 1966 1460 2018 quo
1483 1969 1719 2006 Divinatores
1747 1968 1784 2002 δε
1805 1967 1977 2018 Sortilegi
2001 1966 2126 2006 viliore

1160 2022 1313 2061 aderant
1341 2022 1467 2060 multi.
1525 2022 1624 2060 Hinc
1657 2020 1834 2059 fallacem
1854 2022 1995 2062 circum
2021 2033 2129 2061 vocar

1161 2075 1206 2112 ab
1227 2076 1387 2113 Horatio
1405 2075 1527 2113 asserit
1555 2074 1755 2112 Turnebus
1772 2075 1840 2112 lib.
1860 2085 1899 2123 5.
1918 2088 1952 2112 c.
1973 2085 2041 2125 23·

1215 2127 1387 2179 Spatium
1407 2126 1578 2174 lustrabit
1596 2137 1778 2178 utrumque
1796 2125 2002 2178 metarum]
2043 2126 2130 2166 Suet

1163 2182 1300 2220 Caesar.
1324 2194 1404 2230 cap.
1427 2194 1491 2232 39.
1512 2193 1577 2232 quo
1596 2180 1718 2218 laxius
1737 2179 1986 2229 dimicaretur,
2011 2181 2130 2232 inquit

119 2242 196 2273 mec
225 2233 383 2272 refinam
402 2233 527 2274 ferunt
557 2235 699 2273 arbores
718 2237 758 2274 in
789 2236 836 2274 iis
856 2238 1066 2284 regionibus
1096 2251 1117 2275 e
1154 2233 1313 2287 sublatae
1332 2244 1448 2282 metae,
1478 2235 1582 2285 inque
1594 2247 1718 2272 earum
1738 2233 1850 2271 locum
1865 2232 1951 2272 bina
1968 2233 2088 2284 castra
2101 2246 2130 2270 e:

123 2285 259 2336 quibus
278 2287 466 2326 electrum
484 2281 692 2327 advehitur.
738 2288 804 2326 Est
827 2303 910 2339 ergo
930 2291 1119 2329 succinum

123 2338 324 2380 bituminis
344 2353 460 2389 genus
478 2351 690 2380 concretum
713 2343 750 2377 &
768 2343 1037 2383 condensatum.

124 2445 144 2455 -
182 2404 275 2443 573·
287 2392 580 2445 Ephemeridas.]
593 2394 782 2433 Libellum
793 2396 1117 2437 Mathematicum

125 2458 173 2485 :m
194 2459 266 2496 quo
283 2457 431 2488 notatur
450 2460 532 2500 quae
561 2448 712 2497 fingulis
730 2449 854 2488 diebus
881 2450 964 2490 coeli
981 2452 1122 2490 consti-

127 2500 242 2540 tutio.

190 2562 283 2603 575.
297 2553 469 2594 Numeris
487 2565 663 2594 revocata
684 2554 896 2605 Thrastlli.]
932 2558 1010 2597 Vel
1030 2560 1121 2610 quod

125 2608 310 2657 praevidet
330 2621 377 2647 ex
399 2609 522 2647 Astris
543 2611 767 2660 periculum,
795 2610 822 2647 fi
842 2612 979 2650 marito
997 2624 1123 2650 comes

1164 2287 1311 2341 adverso
1331 2288 1530 2339 coaefiz'tuta.
1569 2290 1619 2327 Et
1637 2288 1768 2326 Claud.
1787 2300 1867 2338 cap.
1894 2299 1960 2327 21.
1986 2288 2131 2326 Circun

1164 2344 1377 2381 maximum
1404 2343 1458 2380 ait
1478 2343 1695 2381 marmoreis
1720 2341 1927 2380 carceribus
1945 2340 2131 2390 auratisqu·

1165 2398 1273 2435 metis
1292 2397 1508 2443 excultum,
1538 2409 1626 2434 curn
1645 2398 1744 2445 prius
1760 2404 1914 2445 utraque
1931 2393 2088 2445 tophina
2108 2395 2132 2428 ὅ

1163 2449 1289 2498 lignea
1319 2450 1483 2489 fuissent.
1538 2452 1664 2488 Acron
1683 2461 1790 2499 porro
1807 2448 1901 2487 viles
1927 2448 2061 2487 ariolos
2079 2449 2134 2485 cir·

1164 2517 1205 2541 ca
1229 2513 1345 2543 metas
1361 2503 1448 2541 illas
1468 2504 1647 2542 confidere
1665 2502 1791 2540 solitos
1807 2501 1992 2541 affirmat.
2019 2501 2133 2539 Alite:

1165 2566 1297 2596 autem
1315 2564 1421 2596 vetus
1440 2556 1567 2595 Schol.
1591 2557 1716 2594 locum
1736 2554 1836 2594 hunc
1853 2556 2013 2603 expedit·
2061 2553 2132 2604 Cir3

1165 2608 1354 2658 culatores,
1373 2611 1504 2660 inquit,
1523 2609 1776 2662 consueverant
1788 2609 1859 2647 duo
1866 2607 1946 2658 fibi
1964 2607 2040 2644 loca
2056 2605 2132 2645 deli·

126 2667 193 2698 eat
213 2673 227 2708 3
252 2660 310 2698 vel
335 2675 409 2711 prae
426 2664 548 2702 nimio
579 2664 668 2703 artis
684 2664 803 2711 illius,
831 2672 873 2702 ut
891 2666 951 2713 fit,
979 2666 1096 2703 studio
1113 2680 1123 2703 ι
1160 2676 1260 2713 gere,
1272 2675 1356 2724 quae
1366 2660 1625 2714 lustrabant&
1638 2661 1894 2709 circumibant,
1905 2669 2018 2712 acper
2029 2673 2072 2697 ea
2085 2658 2133 2698 de·

129 2714 171 2748 &
203 2715 299 2763 quod
319 2722 406 2753 tunc
436 2717 660 2768 supputando
681 2717 943 2768 speculandove
975 2720 1121 2759 intenta
1166 2716 1249 2754 inde
1257 2716 1445 2766 jactitare
1456 2716 1570 2769 fimes
1580 2716 1642 2770 fiu
1661 2714 1829 2763 taxillor,
1858 2723 1901 2753 ut
1916 2713 2044 2752 exinde
2060 2725 2132 2765 qum

126 2766 381 2807 incumberet.

186 2817 398 2873 Thr-cistlla]
429 2823 591 2862 Celebris
611 2824 882 2865 Mathematici
901 2827 1125 2876 Imperatori

1154 2770 1236 2823 suae
1239 2769 1390 2821 genescos
1387 2770 1429 2818 fi
1423 2783 1537 2821 gnum
1536 2770 1577 2823 se
1585 2767 1910 2809 accommodaverit
1915 2767 2132 2820 inspiciatur

1166 2824 1336 2876 numquid
1347 2825 1453 2863 vivit
1466 2821 1514 2861 Εἴ
1530 2823 1675 2876 quando
1688 2836 1704 2860 .-
1722 2832 1862 2874 tumque
1869 2821 1997 2873 paucis
2010 2832 2056 2858 ex
2066 2833 2133 2858 ver

125 2870 291 2913 'Tiberio
310 2875 523 2916 familiaris.
581 2877 643 2915 De
660 2892 703 2917 eo
721 2879 872 2918 Sueton-
894 2881 1022 2918 Tiber.
1042 2893 1122 2930 cap.
1164 2875 1221 2914 bis
1239 2876 1367 2916 ibidem
1384 2877 1585 2931 consi-riptis
1603 2877 1717 2930 [οντες
1732 2873 1941 2913 educebant-

118 2934 202 2976 34.
228 2927 439 2966 &Cornel-
461 2929 591 2968 Tacit.
619 2932 764 2971 Annal.
787 2932 826 2971 6.

142 3010 149 3013 i
189 2980 282 3030 576.
295 2981 461 3019 Primum
482 2981 672 3032 lapidem]
718 2986 830 3025 Caius
848 2999 980 3036 nempe
1001 2986 1122 3025 Grac·

130 3033 228 3072 chus
249 3035 440 3074 Tribunus
459 3036 572 3084 plebis
599 3039 749 3087 singulis
769 3041 955 3079 milliariis
974 3041 1121 3079 colum-

129 3097 199 3126 nas
219 3087 373 3137 lapideas
393 3089 529 3139 disponi
541 3090 709 3139 jusserat,
730 3094 858 3144 quibus
877 3095 1025 3133 viarum
1044 3093 1124 3144 spa-

133 3142 190 3179 tia
209 3143 452 3188 fignarentur.
485 3144 589 3181 Plut.
607 3146 647 3181 in
668 3147 836 3185 Gracch-

191 3206 280 3244 577.
297 3195 362 3232 Ex
383 3195 507 3243 libra]
559 3198 618 3235 Ex
639 3199 904 3250 Ephemeride,
934 3214 1062 3240 cavens
1081 3214 1127 3241 ne

135 3250 230 3284 ffum
250 3251 359 3289 noxia
378 3251 613 3295 dominentur
633 3253 746 3299 astra,
784 3268 870 3293 cum
890 3258 936 3294 ad
955 3255 1126 3294 ambula-

135 3301 278 3337 tionem
316 3305 494 3357 procedit,
545 3311 609 3350 aut
644 3306 782 3357 quidvis
815 3308 915 3348 aliud
949 3309 1125 3351 frivolum

133 3352 300 3411 molitur.

1221 2932 1314 2981 582.
1329 2931 1446 2969 Sortes
1464 2928 1602 2982 ducet.]
1641 2931 1718 2970 Cic.
1738 2931 1783 2967 de
1810 2930 1940 2969 Divin-
1959 2925 2090 2979 paffim
2107 2924 2133 2963 d

1170 2997 1274 3024 more
1297 2985 1368 3025 illo
1396 2986 1508 3024 sortes
1533 2985 1729 3035 miscendi,
1754 2983 1927 3029 tollendi,
1964 2979 2134 3019 educendi

1166 3038 1233 3076 lib.
1265 3050 1304 3076 2.
1337 3052 1378 3077 n·
1411 3039 1476 3090 85.
1544 3039 1747 3077 Numerius
1775 3037 1951 3076 suffetius
1979 3036 2134 3073 invento.

1168 3105 1300 3131 earum
1329 3093 1462 3131 dicitur
1477 3107 1489 3130 τ
1515 3091 1606 3131 ibid.
1657 3092 1783 3130 Sortes
1802 3091 1956 3130 mittere
1981 3088 2081 3126 idem
2099 3086 2133 3139 ei

1171 3148 1266 3195 quod
1285 3147 1379 3185 talos
1395 3141 1518 3196 jacere
1535 3145 1594 3184 vel
1612 3141 2053 3185 tefferas.-—-----&
2071 3145 2135 3178 tot:

1171 3213 1228 3238 res
1245 3202 1394 3239 inventa
1413 3199 1574 3238 fallaciis
1593 3209 1658 3239 aut
1671 3199 1716 3235 ad
1734 3198 1930 3249 quaestum,
1949 3202 2014 3232 aut
2027 3194 2072 3231 ad
2089 3189 2128 3230 su

1171 3254 1440 3301 perstitionem,
1469 3261 1535 3292 aut
1552 3253 1595 3291 ad
1615 3264 1794 3299 errorem,
1815 3252 1888 3289 διε.
1935 3247 2034 3286 Vide
2049 3246 2133 3284 Suet

1171 3308 1307 3346 Tiber.
1330 3320 1410 3357 cap.
1435 3317 1498 3356 14.
1519 3309 1556 3344 &
1575 3306 1670 3352 Ner.
1687 3318 1769 3355 cap·
1789 3313 1856 3342 21.
1910 3302 2026 3341 Porro
2043 3299 2132 3361 sorte

1170 3369 1277 3402 erant
1317 3360 1466 3404 tefiellae
1494 3361 1663 3412 quaedam
1692 3365 1758 3399 aut
1785 3354 1941 3401 taleolae
1966 3353 2132 3401 inscripta

1891 3406 2134 3466 Divitibus
