2166 3698
29 1690 106 1743 28.
127 1712 161 1738 c.
185 1699 248 1738 16.
271 1698 388 1738 Alex.
404 1699 449 1737 ab
470 1700 583 1737 Alex.
604 1699 671 1736 lib.
692 1711 726 1736 1.
749 1709 781 1733 c.
809 1709 873 1747 13,
894 1700 964 1737 ὣς.

395 54 1046 139 JUVENALIS
1116 54 1544 118 SATIRA
1609 58 1717 122 VI.

52 158 299 216 Divitibus
315 159 531 228 responsa
548 159 684 212 dabit
699 158 863 228 Phryx
883 176 1052 227 augur,
1074 161 1129 214 δε
1146 159 1264 212 inde

49 228 335 287 eonduffls
357 227 755 294 dabitastrorum
785 229 1055 297 mundique
1078 231 1276 296 peritus:
1309 227 1403 296 585

42 298 396 367 ›Atque'aliquis
415 298 589 358 senior,
620 299 704 366 qui
724 298 920 365 publica
943 297 1132 367 fulgura
1149 297 1338 351 condit.

49 367 300 419 Plebeium
319 368 368 418 in
391 367 528 418 circo
545 365 754 434 positum
774 365 862 427 est,
893 368 1017 419 &in
1041 383 1214 436 aggere
1235 366 1406 419 fatum.

46 436 180 503 Qae
199 434 335 488 nudis
360 435 563 501 longum
587 433 798 490 ostendit
819 437 1099 488 cervicibus
1124 453 1315 487 aurum.

46 504 267 561 Consulit
286 514 398 556 ante
418 502 603 564 Phala3‚
630 502 1097 573 Delphinorumque
1122 505 1411 569 columnas3

49 575 129 623 An
149 573 251 641 saga
271 573 500 625 vendenti
525 574 697 633 nubat,
730 589 954 640 caupone
977 576 1163 626 relicto

45 638 145 692 Hae
169 651 334 692 tamen
357 645 414 708 ὃς
438 655 596 709 partus
619 639 824 693 subeunt
847 642 1125 704 discrimen,
1161 646 1217 696 &
1238 660 1411 696 omnes

44 709 267 761 Nutricis
295 711 517 771 tolerant,
546 710 742 762 fortuna
764 724 984 778 urgente,
1019 712 1228 765 labores.

42 778 137 830 Sed
154 778 287 843 jacet
311 791 480 831 aurato
506 780 587 830 vix
615 779 707 831 ulla
732 796 967 848 puerpera
992 781 1138 833 lecto.

43 845 263 899 Tantum
289 863 414 900 artus
438 848 594 915 hujus³
629 862 818 899 tanturn
849 848 1177 901 medicamina
1199 848 1414 918 possunt,
1460 856 1530 917 rtjo·
1568 858 1909 920 Nihglominunsistae
1924 860 2060 914 &pa-

42 915 174 984 Qae
191 915 369 968 steriles
385 917 519 977 facit,
544 931 645 983 atq3
667 918 891 969 homines
909 920 957 969 in
977 933 1148 971 ventre
1170 920 1414 971 necandos
1460 909 1994 968 '²⁸”d1P‘2'101‘l2‘mmmmm>
2007 915 2059 955 &

42 981 311 1037 conducit.
345 985 526 1037 Gaude
546 985 731 1047 infe-lix,
756 1001 857 1054 atq3
883 990 978 1054 ipse
1003 987 1277 1040 bibendum
1316 990 1414 1056 596

42 1052 245 1121 Porrige
271 1054 508 1123 quidquid
529 1056 648 1118 erit:
682 1071 797 1119 nam
824 1056 857 1106 fi
879 1057 1154 1117 distendere
1179 1056 1345 1118 vellet,

1457 162 1514 199 At
1536 160 1709 211 opulentis
1723 158 1919 202 vaticinia
1931 165 2058 217 prcfi-

1456 222 1509 251 ret
1521 215 1711 266 Phrygius
1744 214 1872 265 Vates,
1897 219 2057 268 prefferet

1453 279 1585 318 quoque
1596 269 1699 307 illinc
1712 269 1861 308 mercede
1872 273 2060 323 accerfitus

1443 317 1571 371 fidera
1587 319 1635 358 ἔθ’
1649 320 1822 363 mundum
1844 326 2058 379 cognoscem,

1455 372 1603 426 quidam
1615 377 1726 414 etiam
1740 376 1973 431 vetulu52qui
1985 379 2059 417 ab·

1447 427 1589 478 scandit
1623 429 1790 480 fulmina
1846 430 2058 474 communia.

1459 480 1585 519 Plebis
1592 482 1723 532 fatum
1726 482 1807 533 stat
1834 484 1871 521 in
1890 486 1980 524 circo
1995 498 2059 526 at-

1460 547 1528 586 que
1545 534 1584 572 in
1603 549 1743 587 aggere.
1799 536 1899 590 Qzae
1925 541 2061 579 nudato

1458 588 1539 625 collo
1554 587 1731 640 oblongum
1745 589 1894 641 ostentat
1912 608 2060 644 aurum,

1459 643 1635 693 confilium
1656 644 1762 695 capit
1793 655 1878 682 ante
1907 648 2059 688 Phalas

1457 696 1505 735 &0
1520 697 1695 735 columnas
1712 696 1984 749 Delphinorum‚
2013 717 2058 739 u-

1458 758 1552 786 trum
1569 752 1697 791 debeat
1716 764 1790 789 cum
1799 753 1956 805 'sagario
1977 768 2060 793 con.-

1451 801 1597 854 jugium
1615 805 1708 843 inire
1726 803 1861 856 dimgffi)
1882 807 2060 847 taberna-

1305 590 1408 640 590

1460 967 1608 1002 cunfias
1639 967 1782 1005 altricis
1803 968 1979 1022 molestias
1988 972 2059 1022 fe-

1463 1029 1561 1068 runt,
1586 1026 1765 1069 premente
1770 1019 1945 1070 fhrfuna.
1996 1026 2059 1064 At

1464 1084 1594 1111 aurato
1610 1073 1723 1111 cubili
1738 1073 1865 1126 aliqua
1885 1090 1968 1113 raro
1979 1086 2057 1129 pu-

1462 1134 1590 1177 erpera
1617 1125 1802 1166 decumbit.
1854 1129 1960 1168 Adeo
1977 1146 2057 1181 va-

41 1177 115 1219 lent
130 1185 247 1226 artes,
263 1175 349 1217 adeo
363 1175 626 1227 medicamenta
642 1179 738 1218 illius
753 1193 833 1232 quae
846 1178 971 1220 reddit
998 1179 1246 1233 infoecundus,
1273 1178 1484 1232 hominesque
1512 1180 1552 1217 in
1588 1190 1684 1218 utero
1708 1182 1928 1232 perimendos
1960 1198 2053 1223 com·

38 1241 184 1287 parat..-
230 1234 297 1276 Tu
313 1247 403 1276 vero
427 1231 530 1286 mser
543 1233 692 1283 laetare,
719 1232 855 1288 ipseque
876 1234 1080 1287 potandum
1107 1236 1217 1288 uxori
1235 1234 1396 1288 propina
1414 1231 1640 1286 quodcunque
1652 1234 1788 1287 fuerit.

671 1340 1425 1391 ANNOTA‘IIONES.

37 1430 214 1470 habentes
230 1429 439 1478 sententias,
460 1428 545 1468 aliae
560 1430 799 1475 felicitatem,
820 1429 1014 1470 calamita·
1064 1430 1181 1467 aureis
1200 1430 1421 1478 monilibus,
1442 1431 1686 1478 ariolatur‚&
1703 1430 1978 1475 consulentibus
1994 1452 2055 1481 re·-

37 1479 116 1537 ⁷tem
127 1485 476 1534 aliaedenuntiantes
487 1484 727 1522 mittebantur
738 1490 800 1519 aut
813 1483 852 1520 in
863 1497 1016 1536 urnam,
1069 1483 1216 1533 spondet
1234 1486 1352 1523 etiam
1369 1486 1410 1523 in
1429 1487 1540 1525 circo.
1569 1487 1675 1540 Qod
1696 1485 1824 1526 autem
1844 1494 2057 1531 meretrices

37 1547 102 1589 aut
113 1539 154 1577 in
167 1537 346 1585 sitellam,
364 1547 428 1577 aut
441 1539 481 1575 in
496 1539 656 1585 galeam,
679 1539 748 1575 δεε-
766 1535 1019 1578 versabantur
1063 1539 1098 1575 id
1120 1551 1263 1589 quoque
1293 1538 1519 1587 praestarent,
1549 1550 1657 1589 patet
1678 1553 1728 1578 ex
1760 1541 1859 1582 Plin.
1893 1544 1957 1581 lib.
1992 1559 2061 1596 30.

30 1594 78 1633 ³&
94 1593 335 1631 educedantur
363 1604 481 1630 manu
502 1593 619 1641 pueri.
643 1592 764 1630 Testis
794 1592 871 1631 Cic.
883 1592 926 1629 de
951 1593 1021 1631 Di·
1068 1604 1146 1640 cap.
1169 1603 1208 1628 2.
1228 1592 1291 1629 ubi
1312 1591 1358 1630 fic
1375 1593 1418 1629 de
1439 1594 1588 1631 Nerone
1608 1594 1791 1643 loquitur:
1834 1595 1986 1635 Utinam
2006 1597 2058 1644 ξεῖ

36 1649 116 1687 vin.
137 1646 229 1685 vid.
263 1646 434 1684 Turneb.
453 1645 517 1686 lib.
539 1656 577 1695 5.
598 1658 630 1683 c.
652 1656 718 1682 21.
751 1644 788 1679 δε
810 1656 872 1694 23.
895 1648 932 1682 δε
950 1647 1016 1685 lib.
1072 1644 1225 1696 Insere-r,
1256 1642 1304 1682 ἅδ’
1323 1645 1541 1699 quoscumque
1560 1645 1602 1683 de
1608 1645 1863 1698 suspicionibus
1872 1650 1954 1701 suis
1974 1653 2059 1699 De-

1066 1711 1101 1735 os
1119 1697 1334 1751 consulufft
1354 1706 1475 1749 ponus
1495 1712 1607 1750 quam
1634 1700 1876 1750 lupanaribus
1894 1701 1942 1742 &³
1965 1713 2058 1754 pro..

89 1754 322 1804 Frontemque
336 1755 578 1803 manumque.]
607 1753 715 1791 sistet
736 1751 770 1789 se
784 1764 910 1791 coram
930 1755 1020 1792 Me·
1055 1751 1200 1802 stitutis
1218 1751 1410 1803 mandqffiet
1429 1752 1670 1805 inquisitiones
1691 1768 1769 1802 eas,
1796 1757 1865 1793 ἆτ-
1900 1759 2056 1798 Sortile-

32 1806 234 1858 toposcopis
254 1808 291 1843 δε
323 1805 571 1857 Chiroscopis‚
599 1807 661 1856 qui
682 1820 702 1844 e
723 1807 854 1844 frontis
884 1807 921 1856 ὃς
939 1820 1021 1846 rna-

36 1873 161 1900 nuum
177 1860 403 1909 inspectione
418 1860 585 1899 divinant
603 1872 616 1907 ς
642 1861 680 1896 δε
697 1861 740 1899 iis
753 1859 1021 1909 adblandietur‚

34 1925 81 1955 ut
95 1913 219 1953 futura
234 1913 298 1953 fibi
310 1914 503 1964 aperiant:
531 1925 600 1951 nec
613 1913 826 1962 rogantibus
838 1926 905 1964 pro
920 1927 1023 1954 mer-

38 1968 124 2008 cede
144 1968 340 2019 poppysma
358 1968 560 2014 denegabit.

42 2017 43 2020 ’
90 2022 182 2072 583.
199 2017 438 2073 Poppysma.]
470 2023 607 2060 Graeca
627 2031 702 2060 vox
722 2021 862 2070 proprie
884 2020 1019 2069 fignifi-

35 2085 122 2114 eans
139 2088 228 2114 eum
259 2074 420 2114 sonitum
439 2076 503 2124 qui
531 2074 575 2111 fit
596 2072 728 2111 collifis
756 2073 882 2119 labris,
912 2082 955 2111 ut
984 2076 1020 2110 &

33 2129 163 2180 ,cupide
191 2128 400 2180 osculandO,
428 2128 465 2175 ἃς
498 2128 570 2166 hoc
597 2126 699 2165 sensu
719 2129 805 2177 poni
835 2127 897 2166 hic
917 2128 1019 2167 vide-

22 2191 119 2224 tur:
146 2183 397 2233 adulationem
414 2183 534 2222 etiam
551 2180 725 2229 defignat·.

34 2275 40 2278 ,
74 2272 77 2275 .
89 2245 180 2286 584..
192 2235 321 2288 Phryx
341 2233 498 2287 augum]
556 2236 674 2272 Cicer.
699 2244 736 2272 1.
755 2234 796 2271 de
824 2234 953 2273 Divin.
978 2249 1017 2274 n.

19 2300 105 2342 ·92.
119 2288 304 2339 Phryges,
325 2288 475 2337 Pisidae,
495 2287 652 2334 Cilices,
671 2288 707 2322 &
727 2287 898 2326 Arabum
914 2291 1017 2328 natio

34 2345 164 2383 avium
182 2341 504 2389 significationibus
521 2341 726 2391 plurimum
747 2341 1013 2391 obtemperant.

88 2396 143 2432 Et
155 2393 275 2440 indeq
307 2394 427 2442 Alias,
447 2394 572 2441 Indus,
593 2395 629 2432 id
646 2395 714 2441 est,
735 2393 960 2434 Bracmanes
979 2398 1015 2433 ὅτ

35 2446 369 2500 Gymnosophistai,
396 2448 457 2486 seu
478 2449 659 2486 Indorum
677 2448 834 2495 Sapiens.
926 2492 933 2503 .

87 2502 136 2553 58
142 2512 179 2551 5.
190 2500 375 2552 Astrorum
389 2500 577 2553 mundique
584 2501 761 2553 peritus.]
790 2501 1014 2542 Mathema-

30 2558 124 2597 ticus
142 2557 179 2591 δε
201 2556 430 2604 Astrologus.
521 2555 523 2557 ’

87 2609 180 2660 586.
193 2607 276 2659 Qt'
288 2607 437 2660 publica
445 2606 604 2659 fulgura
623 2604 774 2656 condit]
804 2608 1013 2657 Fulgurum

33 2664 215 2713 expiator,
248 2676 291 2700 ea
320 2672 426 2713 terrae
445 2662 622 2701 infodiens
650 2662 686 2697 δε
705 2662 815 2700 humi
842 2666 1012 2703 condens.

37 2715 136 2755 Vide
157 2714 260 2754 Pers.
281 2716 360 2754 Sat.
380 2728 420 2769 a.
438 2729 478 2754 v.
497 2714 562 2756 26.
584 2716 619 2749 &
638 2729 718 2764 quae
737 2730 800 2754 nos
818 2717 904 2756 ibid.

87 2770 174 2821 587,
192 2767 373 2806 Plebeium
387 2768 424 2805 in
438 2769 546 2815 circo,
569 2765 668 2813 &cd
700 2769 859 2808 Plebeiae
876 2770 1012 2809 mulie-

31 2835 92 2863 res
109 2823 241 2862 ariolos
256 2823 339 2861 illos
369 2837 389 2861 e
421 2824 530 2863 trivio
550 2822 586 2857 δε
604 2835 624 2859 e
643 2823 756 2869 circo,
777 2824 835 2861 vel
857 2824 1013 2863 sedentes

31 2878 78 2924 ad
96 2888 270 2924 aggerem
293 2877 490 2926 Tarquinii
509 2877 706 2915 dumtaxat
722 2877 932 2919 consulunt.

89 2926 228 2980 Circa]
262 2930 357 2968 Vide
376 2932 453 2968 Sat.
476 2942 512 2979 3.
532 2930 576 2966 ad
597 2941 633 2966 v.
657 2929 720 2978 65.
744 2933 779 2966 &
801 2943 895 2981 223.

86 2981 130 3018 In
151 2986 312 3032 aggere.]
340 2984 438 3021 Urbs
456 2984 634 3029 clauditur
648 2982 694 3020 ab
714 2986 866 3023 Oriente
882 2998 1013 3035 aggere

33 3036 233 3085 Tarquinii
251 3037 396 3086 Superbi
420 3039 518 3075 inter
539 3038 663 3084 prima
693 3050 800 3088 opera
822 3040 1013 3089 mirabil'13

33 3101 195 3141 namque
210 3102 299 3126 eum
315 3091 432 3128 muris
446 3091 623 3138 aequavit,
644 3103 712 3139 qua
731 3093 899 3131 maxime
916 3105 1014 3142 pate-

31 3141 108 3233 ξιτ,
130 3143 229 3180 aditu
243 3142 364 3193 plano.
385 3143 487 3183 Plin.
507 3143 575 3182 lib·
598 3154 633 3192 3.
652 3157 688 3183 c.
708 3156 745 3194 5.
765 3146 933 3185 Romam
951 3149 1014 3185 de-

72 3196 203 3233 tibens.

89 3250 180 3297 583.
195 3247 293 3300 Qae
311 3245 417 3286 nudis
431 3249 583 3300 longum,
605 3246 704 3298 &NJ
733 3252 920 3291 Meretrix
940 3253 1013 3291 fine

36 3303 165 3371 pudore
193 3299 336 3350 collum
353 3303 496 3349 nudare
513 3300 635 3353 soli‘ta',
668 3306 704 3356 δε
721 3305 809 3351 illud
829 3318 1014 3363 exornans

976 3425 1095 3502 K}

1069 1818 1202 1854 garum
1221 1807 1335 1845 etiam
1354 1808 1447 1857 apud
1467 1809 1675 1846 Germanos
1697 1810 1895 1848 mulierum
1915 1815 2057 1851 memi-

1067 1862 1126 1898 nit
1146 1860 1373 1900 Plutarchus
1401 1862 1442 1899 in
1459 1863 1535 1899 vita
1556 1863 1601 1899 C.
1637 1861 1808 1901 Caesaris.
1852 1865 1910 1902 Ita
1929 1867 2058 1916 wigo.

1070 1916 1126 1952 At
1135 1923 1232 1952 certe
1241 1926 1317 1952 non
1330 1914 1430 1952 male
1438 1916 1588 1964 quidam
1598 1915 1845 1968 legunt,Qae
1855 1917 2055 1967 nullis,&c.

1067 1977 1110 2008 ut
1129 1974 1279 2006 notetur
1301 1968 1440 2006 mulier
1461 1968 1614 2015 plebeia.

1121 2021 1213 2071 589.
1228 2018 1327 2059 Ante
1357 2018 1536 2071 Phalas.]
1582 2023 1723 2060 Turres
1750 2023 1884 2072 ligneas
1914 2026 2058 2065 erectas

1065 2076 1105 2112 in
1121 2076 1218 2113 circo
1234 2088 1298 2124 pro
1313 2075 1589 2126 spestatori'ous.
1611 2077 1780 2115 Turneb.
1795 2077 1858 2116 lib.
1877 2091 1915 2130 5.
1935 2094 1968 2118 c.
1986 2092 2056 2132 23.

1070 2130 1106 2163 &
1129 2129 1192 2177 lib.
1220 2129 1278 2166 18,
1301 2143 1334 2166 c.
1357 2141 1419 2179 33.
1443 2131 1598 2168 Ennius.

1119 2180 1242 2220 Malos
1262 2179 1475 2234 diffindunt,
1492 2184 1597 2233 fiunt
1616 2182 1784 2221 tabulata
1806 2185 2030 2239 Phalaeque.

1119 2234 1441 2288 Delphinorumque
1460 2235 1671 2288 columnas]
1712 2239 1763 2275 Et
1782 2237 1868 2278 huic
1886 2241 1966 2280 loco
1986 2244 2053 2281 da-

1066 2290 1119 2328 bit
1134 2289 1258 2328 lucem
1280 2290 1385 2329 Plin.
1406 2291 1473 2330 lib.
1493 2291 1555 2342 36.
1576 2305 1656 2341 cap.
1687 2303 1721 2340 5.
1740 2292 1802 2329 ubi
1821 2293 1866 2331 fic
1885 2294 2023 2336 habet:

1116 2341 1161 2380 In
1179 2355 1314 2393 magna
1334 2343 1539 2395 dignatione
1568 2345 1632 2382 Cn.
1656 2344 1817 2382 Domitii
1850 2345 1990 2385 delubro
2010 2352 2052 2389 in

1066 2394 1160 2434 circo
1181 2396 1362 2440 Flaminio
1383 2408 1487 2437 erant
1506 2398 1702 2448 Neptunus
1723 2397 1808 2448 ipse,
1836 2397 1884 2435 Εἴ
1905 2401 2052 2451 Thetis,

1062 2453 1110 2492 ὃν
1130 2449 1324 2499 Nereides,
1344 2451 1461 2505 supra
1480 2450 1689 2502 Delphinos'
1698 2450 1876 2504 sedentes,
1917 2456 2055 2498 scilicet

1063 2516 1109 2543 ex
1124 2517 1327 2544 marmore.

1120 2570 1211 2609 590.
1227 2557 1372 2611 Sagen]
1403 2560 1644 2597 Vestimenta
1664 2557 1746 2597 sunt
1765 2561 1958 2603 militaria.

1118 2611 1320 2664 Caupone.]
1362 2613 1436 2658 Vel
1456 2626 1576 2662 pmcn,
1604 2612 1663 2650 vel
1683 2615 1803 2662 priore
1821 2619 1970 2655 marito.

1119 2677 1209 2718 591.
1224 2667 1286 2705 Ha
1307 2676 1422 2714 tamen
1450 2664 1497 2701 δί
1510 2674 1642 2716 partus
1657 2665 1811 2717 subeunt
1828 2667 2053 2726 discrimem]

1066 2719 1264 2760 Mediocris
1284 2719 1441 2758 fortunae
1472 2719 1644 2758 mulieres
1664 2721 1700 2755 δε
1720 2721 1858 2760 dolores
1887 2729 2051 2773 parturi·-

1065 2773 1156 2817 endo
1187 2775 1222 2808 δε
1241 2775 1329 2811 vitae
1359 2773 1559 2823 periculum
1582 2773 1753 2820 subeunt,
1794 2778 1971 2828 editosque
1989 2781 2051 2817 in·

1067 2827 1185 2864 fantes
1213 2825 1298 2876 ipsae
1329 2828 1434 2864 alunt
1461 2840 1536 2864 non
1565 2825 1638 2863 fine
1668 2832 1817 2875 magnis
1848 2831 2050 2870 laboribus.

1068 2881 1209 2917 Divites
1240 2889 1365 2918 autem
1396 2879 1506 2928 (proh
1525 2878 1655 2928 nefas)
1693 2883 1868 2932 abigendo
1898 2897 2050 2935 partum

1066 2933 1124 2972 his
1146 2935 1389 2971 incommodis
1410 2934 1445 2970 se
1467 2933 1640 2972 liberant.

1117 2998 1209 3036 594.
1224 2984 1380 3037 Hujus]
1440 2986 1646 3034 veneficae,
1674 2988 1734 3026 vel
1753 2988 1952 3032 obstetricis
1970 2993 2048 3031 im-

1059 3040 1193 3090 probae.

1116 3094 1207 3143 596.
1225 3091 1354 3130 Gaude
1376 3090 1540 3144 infelix]
1574 3095 1728 3134 Marite.

1119 3159 1209 3196 597.
1229 3144 1414 3196 Porrgige.]
1438 3149 1634 3186 Potionem
1654 3150 1858 3198 quamlibet
1872 3153 2046 3191 abortum

1062 3199 1229 3238 faciendo
1249 3202 1434 3237 idoneam.

1116 3252 1163 3290 Si
1180 3252 1384 3305 distendere,
1406 3250 1507 3308 &cd
1538 3256 1576 3298 Si
1596 3254 1690 3301 ferre
1707 3264 1856 3298 uterum
1873 3256 1989 3298 vellet
2002 3270 2045 3296 ae

1067 3318 1201 3356 parere.

1980 3429 2048 3498 Et
