2166 3698
375 41 1008 129 JUVENALIS

81 1108 171 1148 145.
187 1096 377 1137 Albanam
394 1099 434 1136 in
455 1095 864 1145 arcem.]Sup1-a‚v.60.
882 1098 918 1133 δε
940 1098 1011 1147 seq.

76 1153 170 1190 Dux
190 1155 371 1203 magnum]
398 1152 645 1190 Domitianus
669 1152 887 1200 Imperator.

85 1206 177 1254 146.
199 1206 386 1243 ‘Traxerat
399 1204 586 1251 attont't05,
601 1199 693 1254 &c.]
726 1205 862 1254 Supra,
884 1217 920 1243 v.
949 1216 1013 1254 73.

42 1259 68 1294 ἵε
87 1260 120 1297 se
148 1287 157 1296 .

87 1274 175 1360 127.
197 1310 361 1366 Cattis]
400 1311 533 1362 Populi
558 1310 639 1348 sunt
667 1310 900 1357 Germaniae,
944 1309 1014 1349 ho-

44 1367 84 1403 .ie
114 1364 219 1417 Hff·
261 1368 320 1404 Sic
350 1367 442 1414 legit
462 1366 554 1402 Vet.
578 1363 706 1402 Schol.
765 1364 850 1402 Alii
884 1373 1016 1402 tamen

44 1420 168 1458 ·odices
185 1419 341 1467 habent,
360 1418 477 1457 Dacis
494 1431 506 1454 .·
534 1419 577 1455 de
591 1417 721 1467 quibus
736 1415 839 1468 supra
856 1420 1015 1467 egimus,

46 1484 166 1510 ·.111.
212 1474 295 1511 Alii
326 1472 495 1510 Geticis:
526 1472 632 1508 Getae
663 1483 768 1519 porro
789 1471 873 1509 sunt
908 1471 1017 1509 hodie

43 1524 224 1573 woldavi,
244 1536 287 1564 ut
297 1529 442 1577 quidam
460 1525 603 1564 volunt.
624 1527 727 1563 Suet.
749 1526 865 1563 Dom.
881 1537 963 1573 cap.
980 1525 1016 1563 6.

47 1581 77 1618 ic
96 1581 174 1619 aitt
194 1580 451 1630 Expeditiones
465 1577 914 1631 partimspontesuscepit,
925 1586 1019 1627 par.

46 1632 97 1669 im
126 1631 332 1684 neceffizrio:
363 1632 488 1686 sponte
509 1630 546 1669 in
563 1633 721 1679 Catt055
755 1632 941 1683 necqffario
981 1632 1018 1668 in

0 1697 4 1721 ε
47 1686 225 1724 §armatas
280 1711 629 1728 ......
685 1684 723 1721 in
755 1686 875 1722 Dacos
907 1684 1017 1724 duas.

97 1739 109 1777 4
165 1768 175 1779 .
232 1740 291 1778 De
305 1740 429 1776 Cattis
445 1738 628 1792 Dacisque
640 1738 718 1791 post
737 1739 856 1775 varia
867 1739 1020 1791 praelia,

0 1810 5 1822 ·
47 1791 200 1842 [uplicem
223 1793 446 1844 triumphum
473 1792 563 1843 egit.

83 1845 255 1899 ‘Torvis.]
288 1848 504 1892 Ferocibus,
528 1846 726 1885 benicofis.

93 1897 324 1950 Sicambris.]
359 1902 415 1938 Hi
431 1899 656 1939 Gheldriam
681 1900 884 1945 incoluere,
903 1900 1025 1938 forsan

48 1955 72 1990 ἕο
87 1954 362 2004 Zutphaniam,
400 1954 581 1992 inferioris
599 1955 816 1992 Germaniae
848 1955 1024 2001 regiones.

49 2009 194 2045 irancos
219 2008 265 2045 ab
283 2008 356 2046 illis
370 2016 469 2045 ortos
490 2006 621 2044 saltem
641 2008 796 2047 constat.
822 2004 1026 2043 Sicambro-

48 2073 110 2096 ‘um
128 2064 281 2100 nornine
312 2059 594 2110 comprehensos
616 2061 707 2098 olim
735 2061 911 2111 Ustpete5‚
933 2058 1024 2098 ‘Ten-

3 2135 10 2144 -
48 2116 144 2152 &eros
158 2111 205 2150 Εἴ
223 2116 417 2152 Βνιιὲῗενος
438 2113 599 2152 scribunt
618 2115 744 2163 aliqui.

86 2178 176 2218 149.
197 2168 333 2205 Anxia
353 2166 543 2218 epistola.]
573 2169 748 2206 Subitum
772 2167 927 2220 aliquod
939 2181 1020 2206 ma·

49 2234 116 2260 vum
151 2224 395 2268 annuncians,
431 2221 490 2260 seu
522 2221 776 2261 defectionem
818 2222 1021 2271 sociorum,

52 2275 96 2312 'eu
119 2274 284 2314 hostium
304 2277 564 2326 irruptionem.

89 2328 287 2378 Praecipiti
299 2326 455 2379 pinna]
502 2329 598 2365 Haec
632 2338 712 2368 erat
736 2338 835 2368 notae
864 2329 961 2368 casus
988 2331 1024 2365 &

50 2381 232 2420 anfortunii
262 2384 353 2420 ficut
379 2396 399 2420 e
429 2390 558 2420 contra
588 2382 761 2420 laetitiam
778 2384 900 2422 laurea
930 2384 1026 2421 indi·

53 2436 159 2473 :aban
215 2436 337 2483 Nam,
374 2442 418 2472 ut
451 2437 502 2474 ait
520 2443 624 2473 vetus
643 2436 769 2473 Schol.
814 2439 854 2474 Si
869 2436 1027 2476 vistoria

54 2488 298 2535 nunciabatur,
317 2490 442 2526 laurus
453 2491 492 2527 in
512 2489 676 2538 Epistola
694 2490 895 2538 figebatur,
923 2490 1023 2528 inse-

0 2560 16 2581 ι.
54 2541 208 2588 ebatur,
256 2542 529 2587 obvolvebatur,
570 2543 800 2581 ferebaturve
817 2558 830 2592 3
879 2545 905 2581 fi
941 2546 1027 2593 quid

52 2595 200 2642 -lldverfi,
216 2597 338 2645 pinna.
395 2597 592 2634 Laureatas
612 2605 709 2633 certe
729 2598 882 2635 tabellas
894 2598 1026 2648 populo

53 2648 192 2685 ⁴›stensas
208 2649 320 2686 refert
339 2649 480 2687 Livius.
527 2649 727 2688 Laureatos
748 2652 880 2700 postes,
898 2652 1025 2699 fasces,

59 2701 189 2740 istores
218 2703 347 2751 paffim
369 2703 549 2741 invenias.
582 2704 682 2741 Vide
703 2706 821 2742 Alex.
848 2707 894 2743 ab
913 2707 1027 2744 Alex.

55 2755 110 2792 ib.
133 2766 170 2791 1.
201 2768 281 2804 cap.
301 2768 363 2805 27.
421 2755 597 2804 Epistolae
630 2770 692 2806 per
710 2759 887 2806 sagittam
908 2761 1027 2798 trans-

55 2807 156 2846 =niffae
191 2809 398 2848 Herodotus
431 2810 606 2847 meminit
635 2811 699 2847 lib.
717 2812 753 2848 8.
785 2825 822 2848 n.
844 2824 934 2862 319.
969 2826 1031 2862 per

57 2860 198 2898 ‘viculas
217 2871 360 2909 autem,
380 2864 529 2913 pedibus
545 2875 674 2901 earum
695 2863 830 2902 scilicet
853 2865 1030 2913 alligatae.

57 2927 89 2951 n
106 2915 286 2953 obfidione
313 2918 466 2964 quidem
491 2917 714 2963 Mutinensi,
756 2919 854 2958 Plin.
873 2920 939 2957 lib·
962 2932 1024 2959 10.

61 2979 121 3012 ap.
139 2979 200 3016 37.
231 2970 275 3005 de
294 2969 554 3008 Tinnunculo.
616 2971 713 3007 Sunt
743 2973 805 3020 qui
825 2975 1028 3012 veredarios

8 3042 26 3068 :e
62 3020 225 3058 ccersant
246 3023 288 3059 ad
309 3022 419 3068 huius
439 3024 511 3061 loci
532 3023 840 3071 explicationem.
870 3028 941 3064 Sed
959 3041 1025 3064 ne-

22 159 260 218 Concilim
283 173 407 224 quos
427 155 669 205 Albanam
688 152 785 201 dux
806 166 1009 216 magnus
1028 149 1076 198 in
1096 162 1262 200 arcem
1287 162 1369 213 145

23 235 242 285 Traxerat
264 225 511 281 attonitOS,
538 224 594 274 &
619 220 842 270 festinare
869 218 1091 274 coactos»,

25 300 272 366 Tanquam
296 294 357 345 de
376 290 532 342 Cattis
554 288 751 355 aliquid,
778 287 1024 354 torvisque
1046 284 1313 336 Sicambris

25 368 277 421 Didturu53
312 377 542 427 tanquam
567 357 760 408 diversis
784 358 997 418 partibus
1021 354 1154 403 orbis

25 426 172 488 Anxia
202 432 438 501 praecipiti
461 426 665 477 venisset
690 423 889 493 epistola
927 425 1087 491 pinna.

29 506 183 573 Atque
204 503 389 552 utinam
414 497 484 547 his
503 494 663 564 potius
684 496 820 560 nugis
844 508 946 543 tota
967 493 1040 542 illa
1064 487 1265 540 dedisset
1292 504 1375 555 15<

31 578 272 636 Tempora
299 569 510 625 faevitiae,
534 566 679 615 claras
705 564 881 629 quibus
905 560 1098 612 abstulit
1123 559 1233 609 urbi

31 642 314 704 [ilustresque
342 637 524 686 animas
550 635 772 698 impune,
799 634 853 683 ὃς
877 630 1075 680 vindice
1099 627 1247 677 nullo.

32 711 114 762 Sed
139 708 293 775 periit,
332 704 590 772 postquam
619 701 915 752 cerdonibus
936 698 1032 748 esse
1054 697 1303 747 timendus

34 779 273 846 Coeperat,
303 777 399 826 hoc
427 773 600 835 nocuit
629 770 917 820 Lamiarum
946 766 1083 818 caede
1107 764 1333 816 madenti.

1077 37 1680 102 SATIRA·w2
1967 52 2044 118 77

1436 159 1518 199 quos
1528 145 1689 198 summus
1710 144 1914 199 Imperator
1931 145 1971 184 in
1987 159 2052 185 ca-

1425 199 1569 253 stellum
1608 199 1799 238 Albanum
1831 198 2051 239 convocd'rae

1425 253 1646 306 stupefaChs
1660 264 1743 305 atq3
1755 263 1952 305 properare
1963 267 2051 291 com·

1429 308 1561 361 puffw,
1599 309 1705 358 quasi
1733 308 1913 345 locuturus
1933 307 2048 359 quid-

1433 362 1539 412 piam
1571 360 1612 398 de
1639 360 1778 409 Cattis,
1806 375 1851 398 ac
1884 361 2048 399 trucibus

1440 412 1664 463 Sicambris3
1690 415 1792 466 quasi
1790 413 1965 479 sollicita
1981 415 2049 452 lit.

1441 479 1530 507 terae
1550 465 1674 505 citata*
1686 469 1805 519 pinna
1827 469 1964 506 adveni
1988 478 2046 506 ent

1440 539 1460 562 e
1477 521 1601 559 variis
1614 530 1730 559 serrae
1746 521 1961 572 regionibus.
1990 522 2048 561 U-

1440 578 1559 614 tinam
1579 587 1699 614 autem
1721 574 1870 627 ineptiis
1887 576 1962 615 illis
1980 577 2048 614 ina-

1372 651 1385 668 ·
1435 628 1606 681 pendsset
1625 629 1742 678 magis
1758 629 1937 679 integrum
1955 629 2052 682 istud

1441 682 1671 721 crudelitatis
1681 695 1885 734 aevum‚quo
1894 684 2051 723 civitati

1440 737 1567 775 nobiles
1598 750 1644 774 ac
1666 735 1870 787 praestantes
1899 738 2049 776 animas

1440 792 1586 836 ademit,
1583 790 1623 839 fi
1627 803 1667 826 ne
1679 787 1794 840 poenci'
1813 801 1921 843 atque
1937 793 2050 830 ultore

1444 845 1592 883 nemine.
1647 845 1707 881 Ac
1725 852 1879 882 mortuus
1895 846 1940 897 est
1952 845 2048 898 pss-

79 921 129 953 ea'
145 909 252 967 quam
264 906 469 964 sartoribus
490 904 621 957 incepit
639 902 970 957 iffiformidolcfioe.
1001 902 1052 941 Id
1068 902 1156 942 vero
1175 900 1372 954 damnosum
1378 899 1464 953 fuit
1472 896 1640 951 stillanti
1658 897 1899 938 Lamiarum
1914 915 2050 940 cruore.

624 1007 1375 1060 ANNOTA‘TIONES.

1122 1105 1212 1145 150.
1240 1093 1312 1131 His
1333 1091 1470 1144 nugis.]
1509 1094 1630 1146 Qale
1665 1093 1736 1141 est,
1766 1092 1936 1132 habuiffe
1959 1096 2051 1134 con·

1062 1149 1199 1187 cilium
1223 1149 1464 1197 optimatum
1485 1150 1527 1186 de
1544 1149 1728 1198 coquendo
1752 1149 1858 1198 pisce.

1120 1213 1206 1252 151.
1236 1200 1369 1238 claras
1408 1199 1621 1252 illustresque
1649 1201 1829 1247 animae]
1885 1202 2051 1252 Infignes

1063 1257 1202 1295 virtute
1215 1253 1325 1303 juxta
1350 1267 1392 1291 ac
1409 1255 1594 1293 natalibus
1616 1256 1730 1302 viros,
1755 1266 1799 1294 ut
1816 1254 1919 1304 supra
1937 1265 2051 1294 nota·

1065 1311 1203 1357 vimus,
1223 1321 1270 1346 ex
1289 1309 1442 1345 Sueton.
1464 1309 1610 1347 Domit.
1623 1321 1704 1358 cap.
1721 1320 1787 1356 10,
1803 1319 1870 1355 11,
1892 1319 1954 1358 15.

1120 1375 1210 1413 ¹52·
1242 1361 1388 1412 Impune
1416 1359 1464 1398 ἐφ’
1503 1361 1655 1400 vindice
1685 1360 1817 1413 nullm]
1887 1363 2054 1401 Nemine

1066 1418 1323 1456 Patriciorum
1343 1418 1378 1454 id
1395 1414 1497 1463 auso,
1524 1418 1622 1467 quod
1646 1415 1790 1456 fortiter
1804 1416 1940 1455 deinde
1959 1417 2052 1455 Ple·

1065 1471 1139 1509 beii
1169 1471 1348 1509 fecerunt.

1123 1536 1212 1575 153·
1234 1521 1308 1562 Sed
1320 1520 1476 1573 periie.]
1506 1523 1678 1562 Tandem
1707 1521 1821 1562 saevus
1848 1524 2055 1575 Imperator

1066 1580 1222 1629 interiit,
1260 1575 1450 1627 poenasque
1483 1578 1597 1624 dedit,
1631 1579 1770 1616 merita
1792 1579 1931 1616 dudum
1963 1592 2056 1618 nece

1070 1634 1270 1678 madium,
1317 1643 1392 1669 non
1422 1643 1485 1680 per
1508 1632 1661 1679 ignavos
1691 1631 1861 1678 Nobiles,
1899 1633 1956 1670 sed
1989 1646 2056 1683 per

1065 1686 1248 1734 ignobiles
1268 1685 1447 1731 strenuOS,
1475 1687 1536 1734 qui
1568 1685 1630 1722 fibi
1660 1685 1790 1724 timere
1807 1686 2057 1735 incipiebant,

1069 1753 1156 1777 curn
1179 1740 1440 1785 Domitianus,
1489 1738 1691 1776 Nobilium
1724 1752 1852 1777 cruore
1875 1739 1988 1786 satur,
2012 1743 2057 1779 in

1067 1793 1224 1842 plebeios
1247 1792 1327 1842 jam
1351 1791 1480 1828 saevire
1504 1794 1773 1841 aggrederetur.
1827 1791 1927 1831 Vide
1944 1795 2058 1834 Suet·

1070 1849 1215 1885 Domit.
1240 1858 1322 1894 cap.
1347 1855 1409 1892 14.
1430 1846 1465 1880 &
1484 1855 1544 1894 17.

1121 1896 1374 1949 cerdonibus]
1399 1896 1652 1947 Synecdoche‚
1682 1910 1748 1948 pro
1778 1897 1933 1938 Plebiis.
1950 1901 2057 1939 Vide

1070 1953 1170 1992 Pers.
1190 1955 1268 1992 Sat.
1284 1964 1324 2001 4·
1353 1965 1390 1988 v.
1406 1952 1545 2001 penult.

1125 2019 1217 2056 154,
1246 2008 1322 2045 Hoc
1343 2004 1493 2053 nocuit.]
1544 2005 1754 2044 sarcasmus
1789 2007 1831 2045 in
1872 2008 2060 2047 Patricios

1069 2074 1111 2098 ac
1137 2060 1324 2109 Nobiles;
1350 2059 1447 2109 quasi
1475 2061 1625 2106 diceret,
1656 2061 1792 2098 Adhuc
1830 2062 1971 2101 viveret
1989 2063 2059 2103 ille

1070 2128 1229 2165 nequam
1245 2116 1466 2165 Tyrannus,
1490 2115 1525 2148 &
1541 2113 1581 2150 in
1599 2113 1786 2163 reliquam
1803 2115 2059 2156 Nobilitatem

1070 2168 1332 2218 grassaretur,fi
1347 2166 1507 2205 Plebeiis
1524 2165 1806 2206 formidolosum
1820 2167 1854 2206 se
1868 2181 1942 2206 non
1962 2183 2062 2219 prae-

1074 2223 1205 2262 buiffet
1222 2236 1264 2260 ac
1284 2220 1516 2268 terribilem,
1538 2222 1633 2271 quod
1664 2224 1718 2261 ait
1737 2224 1891 2261 Sue-ton.
1913 2223 2062 2265 Domit-

1074 2290 1115 2314 ca
1145 2305 1155 2314 .
1172 2287 1237 2324 14.

1120 2290 1384 2380 pLamiarum]
1418 2326 1571 2365 Horum
1600 2326 1744 2367 familia
1768 2329 1908 2368 Romae
1942 2330 2054 2380 peril-

1060 2384 1197 2431 *lustris
1213 2392 1307 2430 erat,
1332 2383 1465 2432 quippe
1481 2392 1564 2429 quae
1577 2383 1760 2430 originem
1774 2384 1921 2422 duceret
1933 2398 1954 2422 a
1977 2386 2061 2423 Re·

1074 2452 1120 2487 ge
1139 2437 1414 2485 Laestrigonum
1445 2434 1576 2482 Lamo,
1604 2437 1693 2474 teste
1713 2436 1774 2475 vei
1797 2437 1961 2477 Horatio
1978 2438 2007 2476 l.
2020 2451 2060 2491 3.

1075 2495 1317 2538 Carminum,
1345 2490 1420 2528 Od.
1446 2501 1506 2539 17.

1181 2598 1238 2636 AE
1244 2596 1271 2633 li
1287 2593 1427 2643 vetusto
1453 2591 1583 2632 nobilis
1601 2593 1648 2632 ab
1663 2595 1794 2644 Lamo,

1184 2649 1350 2702 Qando
1374 2645 1422 2684 ⁴&
1435 2649 1572 2699 priores
1592 2649 1677 2687 hinc
1696 2651 1857 2689 Lamias
1865 2652 1999 2704 ferunt

1237 2701 1506 2749 Denominatm,
1529 2706 1599 2742 &c-

1131 2809 1348 2848 Lamiarum
1368 2808 1463 2847 caede
1481 2807 1679 2863 madenti]
1739 2813 1957 2853 Domitiano
1979 2815 2066 2853 san-

1078 2866 1189 2912 guine
1209 2865 1428 2903 Nobilitatis
1447 2863 1618 2913 resperso,
1672 2865 1744 2903 Ille
1780 2868 1955 2916 siquidem
1991 2869 2069 2907 levi

1078 2919 1121 2954 de
1136 2920 1245 2956 causa
1261 2916 1595 2966 multosjugulavit
1614 2930 1656 2955 ac
1678 2918 1843 2958 sustulit:
1864 2924 1962 2960 inter
1977 2922 2071 2960 alios

1077 2981 1207 3009 autem
1229 2972 1402 3018 Nobiles,
1430 2973 1466 3007 δε
1487 2970 1633 3008 AElium
1660 2973 1849 3021 Lamiam,
1889 2977 2073 3013 duntaxat

1076 3025 1121 3062 ob
1137 3025 1343 3073 suspiciosos
1362 3033 1402 3061 at
1423 3026 1596 3064 innoxios
1608 3026 1728 3077 jocos,
1744 3036 1787 3066 ut
1802 3038 1952 3068 enarrat
1973 3031 2070 3068 Sue-

0 3095 23 3119 ,Α
66 3087 108 3110 ue
129 3074 224 3118 haec,
257 3089 321 3113 nec
340 3077 424 3125 illa,
443 3078 499 3116 sed
514 3078 634 3127 prima
647 3078 903 3129 interpretatio
923 3081 1025 3121 vale·
1079 3086 1156 3118 ton.
1175 3080 1324 3118 Domit.
1342 3091 1422 3128 cap.
1446 3090 1505 3116 10·

5 3155 22 3172 ,,
65 3135 77 3164 t
93 3139 137 3166 ac
167 3128 300 3177 vigeat.

1828 3413 2085 3468 SATIRA
